3075 4875
242 371 245 376 ’
375 403 1100 496 'sasacrnrnesnauos
1203 419 1273 510 ns

211 575 464 674 Symmachum
481 601 492 653 2
532 575 761 670 Confirmmall
770 578 854 669 sunl
868 578 1026 650 oratiam
1047 576 1194 660 Mill-3·
1221 572 1274 650 se·

212 680 371 754 eundum
391 681 549 771 quintam
576 680 791 756 editionem:
817 684 993 774 Recognira
1007 677 1093 768 saror
1110 679 1273 758 oratioue

214 783 339 853 David.
388 778 431 851 ln
456 780 529 852 hoc
551 781 744 873 recognitae
766 777 866 871 sunt,
894 799 974 852 cum
994 797 1120 850 omnes
1144 787 1271 873 gentas¹

212 877 405 954 benedielae
426 875 507 951 sunt
526 899 591 971 per
616 880 714 971 ejus,
748 879 809 971 qui
835 899 881 952 ex
900 876 1031 954 semine
1049 876 1143 950 illius
1166 889 1270 954 ortus

211 976 282 1069 est,
308 977 508 1050 salvatoris
526 978 684 1052 omnium
700 979 861 1073 gentium
875 977 1082 1052 adventum.
1131 972 1272 1067 lnpsal·

210 1078 299 1170 mia,
325 1077 385 1169 qui
411 1077 547 1149 habent
570 1074 819 1170 diapsalmata,
855 1075 989 1168 Aquila
1020 1094 1089 1170 pro
1124 1070 1271 1167 diapsal·

211 1190 308 1252 mate
330 1178 445 1248 vertit
471 1179 663 1263 Canticum,
699 1179 824 1270 quinta
848 1177 977 1250 autem'
992 1174 1106 1248 editio
1129 1179 1266 1271 jugiter.

210 1273 327 1348 Porro
342 1276 445 1366 juxta
455 1271 576 1348 nostra
590 1277 805 1447 exemplaria
820 1273 1142 1368 &Symmachum
1159 1291 1266 1365 quan-

159 1405 162 1412 ·
209 1374 258 1448 do
276 1376 416 1448 musrcae
435 1375 615 1465 cujusdam
635 1398 692 1449 me
708 1376 798 1448 odiar
818 1374 851 1447 u
869 1372 1002 1467 rythmi
1029 1370 1072 1444 fit
1091 1371 1268 1464 mutatio,
1345 1461 1348 1469 ι

157 1523 163 1720 Ι
209 1473 355 1547 videtur
378 1474 537 1567 apposita
561 1474 793 1566 diapsalmatis
817 1488 919 1550 nota.
966 1471 1151 1563 Saepissime
1171 1490 1268 1544 vero

211 1570 375 1647 &sensus
388 1575 540 1646 mutatio
553 1573 650 1648 estin
662 1572 916 1667 diapsalmatis,
941 1570 1170 1644 interdum&
1187 1588 1267 1661 per-

210 1670 314 1747 sonae.
373 1671 596 1747 Existimabit
616 1673 714 1748 sorte
737 1673 935 1765 quispiam,
972 1691 1060 1762 eos,
1093 1670 1153 1761 qui
1176 1667 1267 1742 Psal-

157 1723 161 1836 Ῐ
208 1793 350 1846 morum
365 1776 512 1845 nomine
526 1773 683 1866 inscripti
700 1771 799 1864 sont,
826 1767 1025 1863 pulsatione
1044 1768 1266 1842 instrumenti

208 1872 350 1962 mulici,
383 1872 481 1961 quod
507 1886 662 1950 vocatur
682 1872 910 1964 psalterium,
942 1871 1115 1954 recitatos
1141 1866 1265 1955 suisse;
1294 1901 1297 1922 ι

191 1967 265 2044 'sed
290 1974 460 2061 quoniam
481 1969 672 2044 secundum
697 1971 860 2063 Aquilam
881 1991 945 2061 per
965 1980 1083 2040 totum
1108 1966 1265 2058 librum,

207 2068 243 2141 in
262 2070 546 2162 quibuscumque
561 2069 752 2144 secundum
765 2070 875 2145 Lxx.
891 2067 1028 2165 pidum
1039 2063 1264 2157 inscribitur,

205 2168 243 2241 in
265 2169 307 2241 iis
330 2172 497 2241 modulatio
516 2170 634 2243 editur
650 2194 662 2257 3
688 2167 880 2243 secundum
897 2187 992 2244 vero
1012 2165 1266 2258 Symmachum

209 2269 274 2339 Ode
295 2268 359 2341 vel
377 2273 570 2355 canticum,
601 2268 738 2343 idcirco
760 2267 958 2346 necessasia
977 2267 1054 2352 haec
1074 2264 1265 2338 annotavi·

203 2388 313 2458 mus,
337 2369 486 2460 nequis
515 2384 683 2463 putaret,
715 2388 780 2463 per
801 2368 970 2450 mulictrm
991 2363 1265 2449 instrumentum

205 2487 355 2558 omnes,
388 2469 446 2560 qui
465 2470 557 2562 apud
579 2490 647 2541 nos
663 2467 878 2542 Psalmorum
900 2468 1047 2541 nomine
1069 2463 1263 2539 inscribun-

201 2577 290 2657 tur,
316 2581 480 2641 cantatos
501 2566 612 2643 fuisse.
661 2568 793 2661 Neque
811 2568 905 2641 enim
924 2566 1059 2651 rationi
1078 2562 1265 2639 consenta·
1335 2580 1337 2589 ·

202 2685 313 2739 neum
335 2664 442 2760 esset,
476 2668 819 2763 quinquagesimum,
845 2665 950 2740 verbi
968 2665 1101 2763 gratia,
1128 2663 1187 2755 qui
1211 2663 1264 2737 in·

201 2762 356 2857 scriptus
378 2765 452 2859 est,
488 2769 662 2858 infimam,
690 2770 827 2865 psalmus
851 2765 908 2864 ipfi
936 2769 1074 2857 Dauid,
1108 2761 1263 2855 psalterii

201 2883 345 2960 organo
362 2867 551 2939 recitatum
572 2864 696 2941 fuisse:
726 2868 763 2941 in
782 2863 879 2939 lustu
898 2867 1030 2958 quippe
1047 2859 1264 2953 intempesta

200 2984 251 3035 va
267 2963 319 3037 est
341 2965 469 3037 musica
484 2965 698 3041 modulatio.
757 2965 959 3064 Quomodo
982 2965 1078 3037 enim
1094 2958 1174 3053 fieri
1195 2980 1263 3053 po«

200 3062 297 3155 tuit,
332 3061 511 3137 Davidem
535 3065 580 3136 de
605 3060 804 3159 graviffrmo
835 3062 967 3137 scelere
992 3063 1107 3136 verba
1129 3058 1262 3132 facien·

200 3175 299 3253 tem,
325 3183 406 3234 cum
419 3163 520 3237 Deus
539 3179 667 3238 contra
681 3164 779 3236 illum
799 3163 893 3237 hand
907 3163 1040 3237 leviter
1057 3158 1261 3254 indignatus

196 3266 314 3334 minas
333 3282 398 3354 per
419 3262 634 3358 Prophetam
656 3261 882 3352 intentasset3
909 3262 1000 3354 quasa
1021 3260 1151 3334 laetitiae
1172 3272 1261 3332 tem·

197 3381 293 3459 pore
315 3359 466 3435 assumto
490 3363 682 3456 psalterio,
709 3363 875 3459 gaudii&
895 3361 1081 3441 hilaritatis
1098 3356 1261 3451 symbola

197 3457 440 3555 persolvisse?
478 3462 575 3556 Quid
598 3476 717 3536 autem
747 3461 914 3555 psalterio
935 3460 1120 3557 proprium
1144 3456 1260 3532 conti·

198 3575 293 3633 nent
310 3561 386 3652 ejus
409 3560 623 3635 sermones?
651 3563 709 3634 An
732 3584 808 3634 non
831 3561 954 3655 potius
973 3557 1175 3652 ejulatus&
1196 3555 1260 3630 fle·
1388 3587 1393 3591 ·

197 3673 281 3752 tus,
308 3680 400 3751 quos
413 3681 474 3752 par
494 3674 591 3754 erat,
618 3682 697 3733 cum
715 3661 879 3735 lutiuoso
894 3660 1058 3750 cantico,
1083 3676 1160 3733 non
1174 3677 1258 3730 cum

197 3757 436 3833 instrumento
459 3759 641 3834 recitare?
675 3761 830 3853 idipsum
853 3762 949 3835 dicas
973 3760 1017 3831 de
1036 3757 1169 3848 tertio,
1196 3758 1261 3847 qui

198 3857 388 3952 inscriptus
413 3859 490 3949 est,
529 3859 669 3949 Psalmus
691 3861 844 3948 Dauidi,
881 3862 1008 3956 quando
1022 3859 1115 3952 sugit
1130 3883 1150 3927 a
1167 3853 1258 3946 socie

196 3959 364 4054 Abffilou
386 3965 450 4042 filli
470 3959 530 4039 sui.
583 3959 795 4033 consideres
816 3961 949 4052 velim,
974 3977 1060 4031 num
1079 3956 1117 4029 in
1136 3955 1258 4046 hujus·

195 4062 295 4135 modi
322 4058 522 4132 calamitate
551 4058 789 4231 cominaffius,
823 4080 906 4137 cum
924 4076 1040 4156 regno
1063 4052 1260 4225 ‘treguae
1298 4098 1300 4103 -

757 4181 785 4254 4
1168 4171 1210 4223 lo
