3075 4875
156 4202 189 4263 ξ·
240 4220 276 4278 n„

176 384 178 388 ’
315 333 543 548 cumbra
568 406 626 486 ΙΝ
649 397 824 500 Libuos
841 343 1183 491 ‘Rucuoubus
1215 415 1266 522 aa

206 603 1263 682 «ww-,maynu-

371 705 1142 897 uxouiuuuu'
1253 923 1255 928 .

206 1017 530 1127 autunum
575 1016 649 1105 nu
683 1014 947 1106 tionum
990 1015 1266 1114 nuruum
1362 1044 1367 1055 ·

363 1133 1063 1340 ¹uuououuu.
1202 1146 1307 1218 ”

285 1474 396 1541 oenitel
413 1494 477 1555 me,
504 1467 582 1565 quod
602 1468 817 1565 constituerim
837 1464 921 1539 Saul
938 1470 1059 1561 regem]
1088 1472 1269 1571 Quemad.

206 1476 283 1707 P
310 1568 460 1668 modum
475 1568 659 1645 hominum
677 1570 817 1661 quidem
840 1588 985 1662 manus,
1013 1591 1097 1661 pes,
1124 1577 1266 1667 oculus,

312 1664 509 1759 caeteraque
530 1672 687 1741 membra
710 1667 967 1749 nominantur,
1003 1670 1039 1741 in
1060 1668 1145 1744 Deo
1173 1694 1265 1764 vero
1356 1703 1358 1708 ¹

206 1789 358 1860 manus,
384 1767 419 1839 id
439 1766 489 1840 est
511 1766 659 1840 facultas
679 1767 843 1858 creandi,
879 1788 964 1860 pes,
991 1766 1026 1840 id
1054 1768 1104 1843 est
1121 1772 1275 1863 praesen·¹

208 1873 280 1959 tia,
308 1869 601 1959 oculusautem,
627 1865 749 1948 idest,
775 1866 977 1961 vigilantia:
1002 1867 1049 1939 fic
1073 1868 1177 1943 &ira
1196 1872 1268 1946 Dei

211 1979 337 2040 contra
365 1967 613 2057 delinquentes
642 1966 829 2057 correptio
860 1964 989 2037 dicitur
1007 2020 1033 2059 ,‚
1057 1969 1268 2061 poenitentia
1370 1966 1373 1972 ’

209 2087 300 2139 vero
324 2089 391 2149 ea,
419 2086 494 2158 quae
519 2068 562 2138 ab
581 2086 652 2137 una
672 2086 711 2138 re
731 2065 774 2137 ad
794 2066 893 2137 aliam
914 2076 990 2137 rem
1012 2060 1074 2160 fit,
1100 2071 1270 2154 mutatio,
1308 2087 1310 2091 ’
1337 2138 1339 2142 ,

205 2163 447 2258 Exiis,·quae
471 2164 635 2238 innobis
657 2164 756 2260 sunt,
783 2160 922 2238 necesse
947 2181 1043 2257 erat,
1068 2159 1267 2260 Prophetas

207 2262 306 2339 suum
324 2265 365 2337 ad
386 2261 603 2361 grauiffimos
620 2279 741 2358 mente
757 2261 954 2337 sermonem
971 2268 1267 2363 accommodare,

208 2379 249 2439 ut
270 2364 648 2459 comprehenderetur.
698 2359 747 2437 Et
765 2361 882 2436 rursus
905 2364 928 2437 si
956 2362 1081 2439 cundia
1102 2365 1269 2461 previdit
1323 2365 1330 2386 ‘

207 2461 337 2556 Deus,
370 2484 446 2538 non
479 2465 528 2538 ob
561 2487 625 2558 ea,
658 2484 735 2557 quae
758 2464 959 2563 praevidit,
992 2462 1173 2560 irascitur,
1205 2483 1268 2543 aut
1319 2548 1321 2554 ,

208 2565 318 2657 ipsum
335 2565 499 2657 poenitet,
547 2562 637 2637 Non
660 2560 804 2637 affetlus
828 2562 878 2636 est
892 2563 944 2636 ira
963 2561 1055 2657 Dei,
1082 2568 1141 2640 uel
1156 2570 1269 2660 poeni·
1337 2583 1339 2587 ’

208 2665 344 2757 tentia,
371 2663 428 2735 sed
454 2661 513 2736 irae
538 2684 628 2756 opus
654 2660 705 2736 est
725 2661 907 2755 vinditio,
934 2664 1152 2756 punitentiae
1174 2689 1268 2741 veto

211 2785 302 2859 opus
327 2766 369 2835 ab
386 2784 455 2835 una
473 2781 512 2836 re
533 2760 713 2852 defectio,
742 2760 836 2835 &ad
852 2764 952 2835 aliam
969 2765 1167 2842 translatio.
1195 2766 1269 2842 Vel

210 2863 276 2937 ilc:
303 2862 485 2959 indignum
508 2860 543 2934 se
565 2883 679 2958 regno
700 2858 962 2956 feceratSaul,
993 2860 1043 2936 ita
1065 2879 1106 2934 ut
1125 2863 1150 2936 s1
1167 2879 1271 2939 natu⁴

193 2981 283 3035 ram
306 2960 478 3035 habuisset
506 2964 761 3054 poenitentem,
795 2956 905 3052 ipsum
924 2961 1016 3034 iliius
1041 2963 1267 3055 poetrituillet.
1325 3023 1327 3026 >

210 3057 412 3154 Perspicere
436 3060 587 3153 debuit,
621 3060 719 3153 quod
739 3079 811 3132 una
830 3057 918 3131 stilla
943 3057 1072 3133 diuinae
1094 3064 1268 3139 bonitatis

200 3181 358 3236 omnem·
376 3160 561 3234 hominum
583 3160 783 3234 bonitatem
809 3160 933 3237 vincit.
993 3159 1046 3233 At
1065 3182 1158 3236 vero
1182 3163 1269 3238 Deo

211 3259 400 3357 vindillam
415 3261 642 3352 praecipiente
659 3256 820 3333 misertus
844 3259 904 3335 est.
955 3253 1045 3333 Non
1068 3275 1139 3335 tam
1158 3263 1270 3356 ipsum

214 3361 469 3433 condemnauit
490 3358 613 3433 illicita
639 3378 722 3454 erga
747 3355 849 3454 Agag
870 3354 1136 3456 misericordia,
1165 3385 1270 3454 quam

212 3458 411 3555 insatiabilis
436 3459 593 3530 avaritiae
616 3455 775 3533 affectus.
827 3458 1009 3556 Quicquid
1027 3460 1120 3533 enim
1135 3462 1270 3562 pingue

214 3575 286 3633 erat
302 3558 338 3631 in
362 3560 526 3654 gregibus
545 3561 695 3652 ovium,
721 3558 808 3630 illud
827 3558 888 3631 sibi
905 3554 1114 3635 reservavit.

289 3657 337 3733 Et
356 3657 416 3756 ipse
430 3653 554 3752 tufan]
574 3655 672 3731 *Esau
693 3655 834 3750 quidem
852 3656 946 3750 rufus
965 3674 1062 3751 erat,
1078 3661 1162 3753 ſscur
1179 3664 1270 3757 pedis
1330 3700 1339 3729 s

212 3757 346 3856 pilosus,
378 3755 535 3843 habebat
554 3761 685 3852 quippe
712 3778 757 3830 ex
778 3773 929 3849 peccato
955 3759 1211 3836 mortalitatem
1236 3761 1298 3835 &⁸

219 3861 342 3945 cadem
361 3873 492 3932 contra
506 3855 632 3952 Jacob.
683 3854 805 3929 David
818 3872 936 3932 autem
958 3861 1050 3948 rusa,
1071 3886 1139 3928 cum
1149 3865 1270 3956 pulcri·

219 3964 318 4033 tudine
345 3947 532 4047 oculorum„
564 3957 603 4032 (5
625 3957 722 4026 bonus
749 3957 870 4052 espessa
894 3963 1057 4049 Domina,
1082 3971 1124 4032 ut
1139 3953 1269 4056 perspi·
1336 3976 1340 3980 ”

218 4063 303 4138 cacia
323 4057 484 4137 Davidis
504 4054 763 4228 ostenderetrlissr.
1182 4154 1234 4229 R

770 4174 793 4229 2
903 4220 906 4225 .

547 4488 733 4523 .„
