3075 4875
260 517 265 524 .
364 455 434 534 mr
457 397 570 535 rra.
593 453 888 554 ruorcun.
915 454 1065 536 noar.
1090 409 1157 537 ur.
1245 482 1292 558 3,

231 621 343 696 licum
360 617 451 694 istud
467 619 664 713 Debbora,
690 620 795 692 velut
816 617 976 693 vidioriae
997 620 1101 714 iplius
1125 618 1290 716 laudem,

232 717 399 794 cecinilie
414 719 660 812 praescribitur.
691 719 886 792 xVerumsr
907 721 1127 794 meminimus
1148 742 1291 814 eorum,

235 841 308 912 que
320 821 360 892 in
374 816 614 911 superioribus
629 816 721 892 dicia
730 817 810 890 sunt
822 813 1012 912 secundum
1025 811 1206 912 mysticam
1216 819 1291 893 for·-

235 939 345 1008 mam,
374 940 452 1009 quae
477 919 527 992 est
546 915 657 1013 figura
676 917 881 1011 Debborae,
909 940 985 1011 quae
1006 919 1111 991 etiam
1131 915 1290 1012 Barach,

233 1018 314 1110 quid
335 1020 500 1113 imaginis
520 1030 643 1090 teneat
663 1015 763 1112 Jahel
784 1020 929 1110 mulier,
956 1039 1033 1112 quae
1051 1017 1292 1094 adversarium

233 1117 359 1210 populi
382 1118 454 1190 Dei
475 1116 548 1189 sola
569 1117 724 1210 dejecit,
760 1137 837 1206 quae
857 1116 963 1190 etiam
978 1117 1098 1214 imago
1113 1117 1155 1192 fit
1169 1111 1290 1190 sisarae

233 1217 361 1310 ipsius,
387 1218 449 1308 qui
463 1236 483 1288 a
497 1218 645 1289 muliere
664 1217 859 1312 alienigena
877 1217 962 1312 ligni
984 1218 1120 1300 virtute
1133 1211 1289 1309 prostri·
1317 1307 1319 1316 Ι

233 1329 288 1388 tus
317 1313 391 1388 esta
424 1316 677 1411 intelligimus,
710 1318 786 1387 haec
811 1316 930 1396 omnia
955 1309 1290 1412 sacramentafless'e,

234 1436 307 1508 quae
329 1416 369 1486 in
386 1414 582 1488 novillimis
601 1417 850 1508 temporibus,
874 1414 908 1494 u
930 1415 967 1487 in
989 1412 1064 1489 fine
1085 1395 1202 1502 seculi
1221 1411 1288 1508 per

233 1509 426 1587 Eccleliam
452 1514 765 1607 consummantur,
806 1511 840 1585 dr
866 1514 903 1586 in
925 1515 1068 1598 cantico
1089 1513 1163 1594 hoc
1183 1509 1289 1589 velut'·

233 1616 382 1706 epinicia
397 1614 494 1706 ejus,
519 1613 637 1706 idest,
662 1611 822 1686 vicloriae
834 1613 973 1687 laudern
984 1611 1053 1686 elle
1064 1611 1289 1708 descriptam,

231 1712 322 1786 illius
338 1714 475 1788 scilicet
490 1714 684 1807 temporis,
711 1710 1139 1802 cumaewffimuse‘nime'ces
1156 1714 1290 1810 destrue·

233 1828 286 1886 ter
300 1837 396 1888 mers.
422 1810 530 1884 Tunc
551 1813 643 1886 enim
659 1811 1042 1905 exultabitDebbora,
1056 1811 1093 1886 id
1107 1811 1174 1900 est,
1190 1813 1288 1894 exul·
1359 1807 1364 1823 '

235 1915 321 1986 tabit
334 1913 451 2011 gloria
466 1911 686 2007 prophetie,
712 1913 814 2004 quia,
841 1911 1116 2003 quaepraedixit,
1140 1912 1289 2012 impleta

235 2009 321 2088 sunt.
370 2009 409 2084 T
409 2032 481 2084 unc
498 2011 618 2106 Jabel,
642 2009 766 2104 idest,
791 1999 950 2086 Ecclelia
968 2003 1108 2110 hostem
1129 2023 1288 2088 commu-¹

233 2132 311 2188 nem
327 2111 489 2184 omnium
500 2109 696 2206 superabit:
723 2107 992 2209 &posteaquam
1002 2109 1190 2206 plenitudo
1204 2130 1288 2205 gen·

234 2213 320 2285 dum
350 2211 555 2304 introierit,
590 2226 679 2283 tunc
710 2207 926 2300 &Barach,
958 2208 1095 2302 idest,
1128 2209 1287 2301 reliq'uus

231 2308 333 2383 lsrael
349 2308 467 2386 salvus
478 2306 562 2402 fiet,
588 2309 671 2381 &in
684 2306 891 2383 societatem
908 2309 1067 2382 vidioriae
1080 2307 1288 2406 recipietur,

208 2493 211 2501 ‚
233 2407 339 2483 Tunc
357 2429 469 2505 ergo,
493 2409 517 2483 fi
533 2409 627 2505 digni
640 2407 833 2499 fuerimus,
860 2411 966 2481 etiam
985 2430 1053 2483 nos
1068 2407 1288 2483 cantabimur

235 2510 411 2583 canticum
425 2507 515 2582 istud
531 2508 703 2582 refertum
718 2506 874 2601 mysticis
892 2508 1160 2603 &propheticis
1179 2509 1290 2582 sacra·

232 2610 384 2701 mentis,
410 2630 455 2681 ex
480 2609 607 2699 quibus
626 2607 839 2705 persingulas
859 2606 1033 2707 discutere
1052 2606 1177 2681 cunua
1198 2620 1288 2681 tem·

232 2709 331 2803 poris
354 2707 511 2784 nonest.
559 2708 781 2781 Breuitatem
793 2729 946 2799 namque
963 2708 1145 2789 auditores
1159 2704 1288 2789 Eccle-¹

233 2806 284 2881 liae
300 2808 464 2902 diligunt.
513 2806 630 2879 Pauca
650 2808 768 2903 tamen
788 2808 850 2878 vel
869 2808 913 2879 de
930 2806 1112 2901 principiis
1126 2807 1201 2898 ejus
1221 2802 1288 2879 dis·

211 2942 214 2949 ·
234 2907 413 2999 serentes,
440 2906 500 2976 vel
515 2906 652 2997 sparsam
668 2929 712 2979 ex
728 2927 775 2978 eo
790 2903 959 2978 flosculos
977 2909 1173 3001 eligentes,
1198 2925 1287 2997 conf

235 3004 419 3079 solutionis
431 3006 561 3096 aliquid
578 3006 801 3079 auditoribus
815 3003 943 3078 afferre
960 3007 1198 3094 tentabimus,
1224 3000 1290 3087 vel

233 3104 469 3197 nosmetipsos
481 3120 670 3197 exercere,
691 3104 916 3195 &meditari,
941 3119 982 3177 ut
995 3105 1068 3198 apti
1081 3090 1287 3199 efficiamur,
1344 3128 1349 3140 ·

236 3204 275 3279 ad
291 3204 475 3277 Debborae
495 3207 672 3278 canticum
689 3205 960 3297 decantandum.

304 3326 335 3379 2.
367 3308 407 3376 In
424 3306 600 3401 incipiendo
617 3309 776 3402 principes
799 3307 835 3373 in
860 3304 979 3394 Israel,
1006 3307 1043 3371 in
1057 3300 1288 3383 uoluntatibus
1314 3372 1316 3379 ,

231 3411 331 3502 pepuli
347 3404 516 3475 benedicite
537 3408 722 3478 Dominum.
772 3400 1008 3495 Benedidiio,
1041 3402 1184 3497 inquit,
1218 3402 1288 3493 qua'

234 3505 474 3578 benedicimus
491 3502 708 3595 Dominum,
735 3502 777 3581 sit
799 3503 836 3575 in
859 3502 1011 3575 exordio
1030 3499 1230 3594 principum
1248 3502 1286 3573 iu

235 3602 357 3696 lsrael,
382 3621 461 3675 tum
474 3602 600 3676 deinde
615 3604 648 3676 dt
661 3604 698 3675 in
716 3602 964 3674 voluntatibus
984 3600 1120 3693 populi.
1170 3594 1287 3674 Verbi

234 3705 359 3800 gratia:
387 3723 469 3774 curn
485 3703 634 3796 primunr
650 3702 837 3795 incipimus
854 3704 979 3774 venire
995 3701 1036 3772 ad
1050 3690 1118 3772 Dei
1135 3700 1285 3794 cultum,
1367 3715 1369 3719 ·

235 3826 311 3877 curn
326 3801 469 3876 initium
484 3802 588 3874 verbi
603 3802 673 3875 Dei
688 3802 722 3873 δι
735 3798 905 3873 doctrinae
915 3799 1063 3873 caelestis
1079 3796 1285 3893 accipimus,

233 3901 486 3997 aprincipibus
510 3898 615 3974 Israel
634 3900 697 3974 ista
715 3901 823 3973 nobis
846 3901 946 3973 initia
963 3895 1169 3992 capeffenda
1193 3895 1284 3973 sunt.

231 4002 412 4097 Principes
430 4013 548 4074 autem
563 3999 690 4094 Israel,
715 3996 816 4072 idest
832 3999 958 4096 populi
974 3994 1181 4088 Christiani,
1208 3997 1284 4099 Au·

231 4106 328 4201 gelos
347 4098 577 4197 accipiendos
591 4116 686 4201 puto
702 4152 716 4194 ,
741 4099 841 4191 quod
859 4096 973 4175 adellc
995 4096 1173 4172 Dominus
1196 4096 1286 4171 dicit

470 4198 473 4203 ’
706 4192 743 4274 C
762 4223 788 4295 4
1104 4194 1259 4273 unicul-
