3075 4875
258 426 310 509 ⁸6
600 368 1025 502 ore-return·
1079 386 1088 404 ’“
1209 435 1211 442 ·

258 587 353 665 istud
370 582 589 683 praeceptnm
605 588 724 661 oratio
743 591 984 662 communiter
997 583 1176 661 intelletta
1196 606 1330 660 conce·

260 688 326 764 dit.
377 688 572 784 Videamus
592 709 701 785 erg0‚
727 707 778 762 ne·
790 686 888 762 forte
901 697 1026 761 omnes
1038 686 1132 761 attus
1148 688 1248 779 ejus,
1269 688 1331 778 qui

259 790 301 864 in
323 787 451 861 divino
472 786 633 861 versatur
651 786 797 881 officio,
826 789 860 862 dt
883 789 1005 861 omnia
1025 786 1121 884 gesta
1135 790 1196 859 vel
1214 785 1340 879 dieta,

262 910 342 982 quae
358 882 549 962 secundum
569 888 686 960 Deum
700 891 793 984 gerit
810 889 843 960 δι
857 888 965 980 dicit,
992 887 1035 959 ad
1051 885 1259 959 orationem
1278 908 1334 958 re·

249 981 470 1084 'portentum
534 987 568 1059 Si
595 988 688 1060 enim
709 990 834 1062 oratio
855 990 929 1061 hoc
953 986 1065 1060 solum
1084 982 1329 1081 intelligatur,

264 1088 364 1181 quod
387 1088 624 1161 communiter
640 1086 798 1181 scimus,'
817 1110 935 1180 neque
954 1088 1060 1160 Anna
1073 1086 1110 1158 in
1130 1085 1185 1159 his
1206 1086 1331 1157 verbis

264 1186 380 1260 oraffe
401 1187 606 1280 videbitur,
639 1189 876 1279 &nunquam
899 1187 991 1260 ullus
1009 1181 1186 1280 justorum
1207 1181 1332 1257 securr-

262 1287 351 1361 dum
363 1284 532 1378 Apostoli
548 1295 766 1382 praeceptum
778 1289 850 1362 fine
862 1285 1115 1383 intermistione
1132 1297 1333 1380 orarepot·

265 1386 340 1473 est„
391 1386 426 1471 Si
456 1408 548 1459 vero
582 1390 699 1461 omnis
732 1387 828 1461 attus
849 1386 961 1479 justi,
998 1408 1105 1478 quem
1136 1382 1332 1458 secundum

263 1483 386 1560 Deum
406 1486 478 1580 agit
501 1487 534 1558 dt
556 1484 747 1561 secundum
768 1488 972 1572 mandatum
992 1486 1156 1574 ¹diuinum
1171 1508 1187 1577 ,·
1211 1487 1334 1584 oratie

264 1600 479 1677 reputatur,
516 1588 597 1677 quia
614 1588 727 1679 justus
750 1589 823 1661 sine
846 1585 1123 1677 intermissione,
1151 1579 1334 1675 quaejusta

264 1683 367 1776 sunt,
395 1687 490 1778 agit,
517 1708 581 1779 per
599 1690 673 1760 hoc
694 1688 766 1762 stne
788 1685 1040 1768 intermiffione
1055 1684 1167 1775 justus
1194 1682 1332 1771 orabit,

264 1805 511 1884 necunquam
532 1790 575 1859 ab
597 1790 763 1860 oratione
782 1785 951 1878 cessabit,
977 1785 1041 1867 nisr
1052 1781 1164 1875 justus
1189 1781 1259 1856 effe
1274 1784 1334 1855 de-

264 1883 371 1960 sistat.
425 1884 516 1959 Cum
538 1888 632 1962 enim
649 1883 815 1981 injustum
840 1886 971 1978 aliquid
991 1887 1124 1980 agimus
1142 1896 1204 1956 aut
1221 1883 1335 1956 delirr-

250 1984 427 2076 ‘quimum
455 2000 592 2060 certum
610 1985 684 2079 est,
712 1990 811 2079 quod
825 2009 871 2059 eo
891 2002 1057 2078 tempore
1071 1987 1176 2056 etiam
1197 1985 1241 2054 ab
1257 2001 1338 2055 ora·

265 2085 370 2159 tione
387 2083 566 2160 cedamus.
594 2086 712 2178 Puto,
741 2087 839 2179 quod
853 2087 926 2190 hoe
940 2086 1135 2159 edocemur
1152 2082 1186 2155 dt
1201 2084 1236 2154 in
1248 2081 1335 2175 psal·

204 2235 210 2244 ·
264 2185 356 2273 mis,
384 2186 630 2258 cumdiciturt
657 2189 808 2261 Elevatio
824 2209 976 2262 nranuum
997 2187 1338 2275 mearumjacriflcium

266 2283 496 2375 vespertinum
544 2279 635 2356 Non
656 2288 749 2361 enim
766 2300 887 2379 puto,
915 2284 1036 2379 quod,
1064 2284 1088 2359 st
1113 2284 1189 2374 quis
1216 2285 1336 2355 eleva·

205 2425 206 2430 =
265 2382 364 2469 uerit
401 2385 460 2457 uel
486 2387 692 2459 extenderit
717 2407 841 2461 manus
864 2383 910 2459 ,ad
940 2387 1067 2459 coelum
1093 2385 1163 2480 (ut
1188 2383 1332 2459 habitus

267 2484 448 2556 orantium
474 2482 546 2556 effe
576 2483 694 2584 solet)
717 2484 895 2559 continuo
921 2484 1130 2569 sucrificium
1160 2485 1338 2557 obtulerit

265 2578 380 2669 Deo,¹
418 2581 487 2655 Sed
502 2584 707 2678 videamus,
734 2610 781 2659 ne
797 2585 895 2658 forte
915 2584 988 2658 hoc
1005 2587 1077 2676 sit,'
1097 2585 1195 2675 quod
1212 2585 1262 2658 ibi
1282 2585 1336 2657 in-

266 2680 364 2754 dicat
381 2677 497 2755 sermo
515 2684 606 2777 Dei,
634 2689 716 2777 quia
729 2707 794 2779 per
809 2707 932 2759 manus
948 2705 1059 2777 opera
1072 2686 1333 2780 intelliguntur.

265 2777 402 2853 Elevat
417 2804 541 2856 manus
552 2787 641 2878 ille,
674 2787 733 2877 qui
757 2788 878 2858 elevat
898 2784 993 2857 attus
1013 2783 1095 2858 suos
1112 2808 1131 2857 a
1153 2796 1273 2877 terra,
1301 2784 1335 2857 dt

244 2880 501 2981 ¹conversatio
523 2885 598 2976 ejus
628 2886 744 2958 adhuc
765 2887 803 2958 in
826 2899 920 2956 terra
946 2885 1157 2958 ambulantis
1178 2887 1214 2957 in
1238 2886 1335 2959 coelis

267 2979 340 3057 est:
384 2979 522 3056 Excelsr
550 2999 638 3079 ergo
662 2984 757 3057 attus
784 2985 816 3057 dt
838 2984 1025 3076 sublimes,
1053 3006 1145 3076 quos
1168 2985 1337 3059 videntes

266 3080 434 3154 homines
454 3083 682 3178 magnificant
707 3100 843 3176 patrem
863 3084 1060 3176 coelestem,
1087 3085 1248 3158 elevatio
1269 3108 1340 3173 ma,-

196 3247 199 3263 ,
265 3174 379 3253 nuum
397 3181 544 3273 dicitur,
571 3181 831 3257 &sacrificium
846 3184 1105 3279 ¹vespertinum.
1133 3183 1192 3256 A'n
1212 3206 1288 3257 non
1305 3186 1338 3257 dt

267 3278 306 3352 in
321 3280 401 3374 lege
418 3279 454 3351 id
473 3303 536 3373 per
548 3281 753 3373 mysterium
777 3283 1000 3374 docebatur,
1028 3306 1109 3356 cum
1119 3283 1253 3375 Moyse
1267 3287 1336 3357 ele·

267 3393 381 3450 vante
395 3400 517 3453 manus
531 3381 703 3453 vincebat
718 3380 855 3455 lsrael?
883 3383 1095 3458 demittente
1109 3405 1201 3458 vero
1225 3385 1258 3456 dt
1280 3386 1339 3458 de·

265 3477 416 3575 jiciente
433 3478 597 3553 deorsum
614 3482 785 3556 vincebat
804 3481 1008 3555 Amalech?
1035 3483 1084 3554 Et
1101 3484 1125 3557 sr
1148 3490 1256 3554 ornnia
1276 3489 1337 3554 hac

267 3579 449 3669 figuraliter
463 3585 689 3674 contingebant
708 3585 791 3668 illis,
805 3583 926 3678 scripta
935 3589 1020 3673 sunt
1038 3609 1112 3654 vero
1126 3603 1257 3682 propter
1268 3612 1336 3672 nos,

268 3684 307 3747 itt
324 3705 399 3773 quor
410 3681 499 3770 fines
515 3678 709 3771 seculorum
724 3685 932 3757 devenerunt.
991 3687 1114 3782 Quare
1135 3686 1338 3781 intelligere

229 3781 232 3787 ’
269 3778 461 3872 debemus,
490 3782 592 3872 quia,
619 3783 738 3855 donec
753 3782 904 3856 famulus
917 3783 990 3855 Dei
1006 3787 1127 3856 elevat
1145 3785 1240 3856 attus
1253 3788 1334 3858 suos

269 3878 314 3951 ad
332 3878 472 3973 Deum,
500 3882 615 3955 vincit
634 3905 721 3978 gens
745 3882 840 3956 Dei:
869 3904 948 3954 cum
972 3898 1091 3956 autem
1112 3885 1339 3977 dejecerit&

240 3992 242 3996 ‘
269 3976 447 4077 demiserit
462 4003 608 4074 manus,
635 3981 671 4054 id
688 3981 759 4073 est,
789 3982 883 4055 adius
900 3981 1003 4075 suos,
1030 3985 1146 4056 vincit
1165 3987 1340 4058 Amalech

267 4077 432 4153 inimicus
450 4079 532 4156 Dei.
585 4076 661 4153 Aut
686 4082 770 4174 quid
799 4081 969 4155 uidetur?
998 4080 1112 4179 (volo
1135 4087 1229 4158 enim
1255 4107 1337 4178 pau·

853 4184 855 4189 '
1173 4186 1285 4260 lulum
