3075 4875
204 493 215 522 x
274 400 278 406 ·
332 394 769 514 „struerem
793 325 1094 484 rsnumnsj
1192 425 1276 504 243,

201 562 294 642 bunt
311 557 501 640 duodecim
520 563 631 640 tribue
652 561 781 653 israel,
804 579 880 654 que
896 563 1032 644 nonin
1046 585 1126 638 eum
1150 564 1286 638 credi·-
1318 575 1348 650 ,¹

202 661 345 742 derunt.
385 659 446 742 tt
459 661 494 736 in
513 659 676 734 universa
694 677 789 734 terra
805 659 942 754 dispersi
960 681 1026 754 per·
1042 665 1168 738 orbem
1186 665 1263 737 uni·
1282 733 1286 744 .

202 751 486 838 verium-fideles
505 760 632 854 -srnguli
650 761 686 832 in
704 763 855 856 regione
873 760 931 838 sua
942 761 1155 852 judicabunt
1173 784 1275 857 eor„

205 861 265 949 qui
282 859 354 949 illic
370 879 445 932 non
457 861 621 936 credunt.
650 858 723 942 Eos
733 862 854 956 igitur,
865 862 923 951 qui
940 876 1068 938 tetram
1083 861 1262 957 judicant,
1277 855 1288 920 -“

175 1043 178 1048 ,
201 958 369 1030 hortatur
384 955 556 1050 sermoad
575 958 813 1054 disciplinam,
841 981 919 1051 quae
932 958 1084 1032 scientiae
1099 961 1266 1034 traditio·
1372 1019 1375 1034 .

200 1055 428 1144 neeonstat,
450 1060 744 1146 quemadmodum
761 1057 931 1132 Salomon
947 1061 982 1131 in
1000 1058 1207 1132 Proverbiis
1224 1060 1264 1136 in
1347 1103 1349 1108 ·

200 1158 297 1231 huuc
312 1153 422 1248 ipsum
441 1156 572 1230 sensum
587 1162 653 1232 ait:
679 1162 821 1253 Accipite
835 1159 1055 1254 distipimam,
1074 1157 1111 1234 ti]
1127 1184 1194 1230 oon
1207 1183 1264 1232 at·

200 1273 354 1352 gentum,
380 1254 597 1344 &scientiam
608 1268 710 1352 magis
723 1283 818 1355 quam
840 1284 953 1330 curtam
973 1260 1150 1353 probatum,
1215 1309 1217 1320 ·

279 1355 463 1450 Ejusdem]
497 1357 569 1441 Vel
590 1359 724 1430 invitat
744 1356 842 1449 ‚ipsos
869 1357 911 1432 ad
920 1358 1199 1449 =poe'nitentiam,
1226 1357 1280 1446 dt,

199 1473 303 1544 reges
322 1469 453 1547 vocat,
481 1453 650 1547 suadens,
677 1475 718 1529 ut
730 1471 962 1528 revertantur
977 1456 1020 1530 ad
1037 1458 1273 1553 dignitatem,-

200 1572 307 1643 quam
322 1555 534 1628 habuerunt.
560 1556 754 1652 intelligite
770 1556 898 1650 igitur,
926 1576 951 1628 ο
966 1574 1090 1652 reges,
1116 1557 1160 1629 ad
1177 1556 1265 1648 quid

200 1652 287 1728 mihi
303 1654 393 1723 datae
409 1653 475 1724 sint
489 1668 613 1746 gentes
631 1656 665 1726 in
682 1656 927 1731 hereditatem.
1283 1727 1286 1742 ,

276 1755 406 1822 Setoite
427 1757 559 1832 Domino
581 1763 618 1824 in
638 1762 774 1840 timore,
800 1753 837 1830 U
858 1758 1134 1836 exaltatricem
1151 1769 1266 1825 memte

202 1876 258 1936 re,
284 1847 372 1943 ire]
398 1851 591 1922 videbitur
607 1855 816 1943 quibusdam
834 1855 886 1944 is,
913 1851 1121 1946 quiiem'it,
1149 1852 1266 1925 omni·

199 1972 252 2026 no
276 1948 399 2021 servos
423 1947 518 2042 eiie,
545 1950 751 2025 &maxime
774 1956 809 2024 in
833 1954 1043 2040 hocloco,
1068 1954 1128 2024 ubi
1155 1954 1270 2047 etiam

199 2050 343 2132 additur
358 2074 394 2120 m
409 2057 539 2132 timore,
566 2073 645 2124 nam
662 2054 722 2142 qui
738 2053 879 2143 accepit
892 2054 1048 2143 spiritum
1065 2049 1264 2148 servitutis,

200 2149 254 2222 est
271 2175 309 2218 m
322 2154 444 2221 timore.
492 2148 575 2222 Nec
592 2149 680 2230 falso
703 2152 752 2224 ita
772 2151 963 2226 videbitur.
1015 2149 1138 2222 Potest
1155 2151 1265 2226 etiarn
1301 2214 1304 2226 .

199 2245 298 2321 filius
312 2247 456 2323 servire.
498 2248 581 2321 Nec
595 2250 688 2323 solus
704 2253 836 2342 timor,
864 2248 923 2322 sed
939 2250 971 2320 ἀ
990 2250 1141 2321 charitas
1158 2249 1267 2322 servi·
1308 2273 1312 2277 ·

201 2350 291 2420 tutis
311 2346 362 2420 est
373 2347 486 2432 causa.
540 2347 742 2423 Diietiione
754 2351 862 2443 igitur
874 2349 1029 2421 invicem
1043 2347 1183 2432 ¹servire
1200 2348 1266 2426 do·

202 2461 265 2520 eet
284 2447 493 2539 Apostolus.
521 2451 618 2546 Quin
636 2449 755 2542 &ipse
773 2449 941 2523 Salvator
956 2446 989 2521 δι
1006 2446 1185 2523 Dominus
1199 2461 1284 2539 μοι.

200 2547 275 2620 ster
293 2546 359 2618 fuit
379 2549 415 2621 in
439 2547 559 2619 medio
581 2547 834 2641 discipulorum
851 2549 1017 2631 suorum,
1047 2568 1124 2621 non
1143 2547 1267 2637 utqui

205 2646 410 2739 recumbit,
442 2644 500 2719 sed
528 2649 649 2739 utqui
674 2649 867 2739 ministrat,
894 2647 1075 2737 serviens,
1102 2646 1267 2740 &pedes
1344 2662 1348 2669 “

201 2766 332 2819 eorum
351 2748 487 2820 lavans.
525 2746 606 2818 Nec
622 2746 702 2819 sane
715 2749 768 2821 fas
781 2746 853 2838 est,
880 2769 960 2821 eum
974 2747 1106 2818 timore
1121 2746 1197 2817 hec
1214 2744 1268 2827 fe·¹

203 2843 310 2933 cisse,
336 2845 467 2921 dicere.
495 2845 626 2937 Liquet
638 2847 754 2940 enim,
781 2849 856 2920 haec
867 2848 909 2918 ab
921 2843 1003 2937 ipso¹
1014 2842 1170 2936 perfetta
1185 2844 1268 2915 cha·

204 2947 315 3016 ritate
330 2942 419 3017 fatia
430 2944 545 3019 ‚fuiiie
594 2944 631 3017 si
646 2966 757 3040 erge,
785 2947 843 3036 qui
860 2961 963 3015 antea
975 2963 1077 3039 reges
1090 2956 1193 3014 terrae
1208 2963 1270 3034 ap·
1290 3002 1295 3011 .

204 3045 329 3137 peliati
344 3041 448 3133 sunt,
475 3053 570 3115 none
587 3044 816 3140 etiamte'ger
835 3043 1023 3131 dicuntur,
1049 3042 1194 3133 praecipi
1214 3041 1266 3115 eis

203 3141 347 3238 potest,
364 3156 415 3233 ut
429 3141 587 3221 serviant
600 3142 759 3233 Domino
772 3146 808 3217 in
823 3145 975 3225 timore,
993 3155 1159 3241 tanquam
1172 3137 1269 3227 servi

156 3284 169 3299 =
193 3234 250 3315 'ab
271 3243 403 3333 initio,
437 3242 494 3332 qui
515 3242 671 3336 spiritum
695 3244 902 3335 adoptionis
922 3240 1079 3313 filiorum
1102 3240 1269 3330 accipere
1291 3288 1296 3296 -

181 3428 185 3435 ,
204 3362 283 3416 non
302 3355 518 3436 potuerunt·
564 3342 686 3434 Atque
700 3345 736 3415 in
751 3344 804 3416 his
819 3340 1081 3417 observandum
1102 3336 1153 3411 est
1165 3338 1268 3433 illud,

205 3446 243 3513 in
259 3460 393 3516 ramore.
422 3462 547 3530 quem,
575 3444 767 3534 quipoenas
788 3443 935 3529 metuit,
960 3439 1180 3529 nonhabet,
1206 3460 1275 3511 nee

207 3562 278 3634 que
294 3539 471 3633 perettus
488 3539 560 3614 est.·
574 3538 623 3612 Et
636 3562 712 3631 quae
725 3541 942 3633 sequuntur,
963 3539 1142 3628 nimirum,
1164 3538 1270 3609 Exul·
1296 3619 1301 3629 ¹

206 3650 396 3713 tareeicom
417 3656 564 3722 tremore,
591 3642 820 3733 intelligenda
834 3640 924 3715 sunt.
977 3637 1090 3735 Quod
1114 3636 1136 3709 st
1165 3657 1269 3733 reget

205 3739 312 3815 santii
329 3740 430 3829 sunt,
458 3740 488 3811 δι
510 3740 568 3829 qui
582 3740 743 3830 judicant
757 3758 911 3830 terram,
938 3739 960 3811 ii
977 3736 1077 3829 sunt,
1104 3757 1195 3827 quos
1217 3734 1273 3810 su·¹

205 3862 273 3937 pra
291 3838 363 3914 effe
385 3839 593 3925 docuimus,
622 3837 777 3931 'cumfilii
800 3861 945 3931 quoque
958 3834 1093 3911 servire
1104 3835 1268 3908 Domino
1377 3884 1379 3893 ·

206 3940 359 4035 possint,
378 3940 488 4011 timor
502 3938 790 4031 accipiendusest
804 3960 944 4030 ¹proea.
963 3959 1040 4028 qoae
1055 3935 1146 4028 apud
1162 3954 1270 4023 quos·
1333 3966 1337 3976 ¹

208 4041 289 4121 dan
306 4040 506 4139 appellatur
517 4040 770 4236 reverentia,Q
773 4060 850 4135 que
866 4056 1046 4133 nunquan
1058 4054 1198 4211 12oean
1210 4034 1271 4106 ha-

374 4158 377 4163 ’
796 4161 817 4212 2
937 4154 943 4163 ⁴
1169 4146 1218 4210 et.
