3075 4875
373 433 1204 619 sntr crnrursnrno'sr

200 672 288 746 ceps
288 643 453 725 inferius
467 640 762 754 reprobationem
777 643 910 744 prioris
926 606 1054 743 populi
1070 491 1258 747 fignificii,
1319 676 1321 679 ’

194 754 354 844 ,dicens't
384 753 430 822 Er
454 776 520 820 non
543 752 674 821 audivit
692 743 823 845 populus
846 775 931 820 meus
954 776 1054 821 vocem
1074 778 1193 839 meam,
1219 752 1260 829 (Ἰ
1371 779 1373 782 ·

202 854 301 942 lsrael
318 876 383 921 non
404 852 544 921 intendit
565 851 668 935 milti·
690 852 737 921 Er
752 851 850 945 dimifi
864 876 912 920 eor
926 850 1095 968 secundum
1116 854 1259 948 lairena

200 953 385 1022 cordiseor
390 976 431 1019 m
485 947 579 1021 Oo
557 904 758 1045 ogesrinus
749 966 835 1023 rtem
851 950 1000 1041 tertius,
1027 952 1260 1041 quiearndent

174 1103 177 1112 ·
199 1052 310 1125 habet
324 1048 611 1141 inscription
638 1069 717 1121 non
731 1070 840 1123 unum
854 1050 1115 1142 habitaculum,
1142 1073 1261 1140 neque

200 1172 314 1223 unum
332 1151 441 1222 altare
456 1148 712 1241 Jerosolyrnis,
739 1147 798 1220 sed
818 1152 930 1221 multa
949 1150 1018 1222 elle
1035 1150 1259 1242 habitacula,

201 1252 315 1325 multa
344 1250 463 1321 altaria
487 1249 654 1323 declarat.
709 1251 980 1345 Quamobrem,
1006 1272 1048 1321 ac
1067 1251 1091 1323 li
1111 1252 1186 1323 haec
1201 1252 1281 1322 rra-⁴

201 1353 379 1441 bitacula,
408 1362 513 1439 atque
530 1350 672 1434 altaria,
696 1349 807 1420 multa
819 1348 885 1421 lint
900 1350 1106 1441 torcularia,
1126 1372 1183 1446 pm
1197 1370 1262 1420 ror·
1367 1361 1370 1366 ⁴

202 1451 362 1520 caloribus
385 1447 598 1524 inscribitur.
650 1447 715 1518 Ait
731 1450 875 1538 itaque:
900 1453 1008 1543 Quam
1025 1449 1140 1520 dilel‘ia
1160 1450 1278 1521 rain-1

203 1552 320 1622 noculo
337 1568 412 1635 tuo,
441 1553 577 1618 Domine
592 1545 780 1621 virtutum!
808 1548 998 1638 Comuprscit
1012 1548 1052 1625 U
1072 1552 1174 1641 deficit
1189 1553 1263 1619 orzi·

203 1676 255 1721 ma
273 1675 340 1719 mea
357 1654 497 1719 inertia
517 1651 668 1720 Domini:
696 1662 803 1738 atque
821 1646 954 1740 infert,
981 1651 1106 1719 altaria
1123 1667 1179 1721 ruo
1196 1654 1262 1720 Do·
1339 1669 1342 1674 ·

204 1756 482 1824 minevirtumm
533 1745 756 1836 Rursumque
776 1748 969 1850 pluraliter
982 1749 1122 1841 adjicit:
1153 1754 1262 1821 Prore-
1315 1793 1318 1803 ·

204 1851 275 1925 fior
290 1850 390 1945 noster
404 1850 518 1943 aspice,
549 1854 655 1934 Dens,
681 1847 720 1922 (Ὗ
739 1848 878 1941 respice
866 1871 903 1915 m
912 1837 1028 1939 factem
1049 1850 1170 1946 Clarifli
1191 1854 1263 1921 tui.
1311 1831 1324 1915 .⁸

204 1960 281 2049 qnia
307 1948 466 2046 meliorest
486 1950 635 2019 diesuna
660 1952 698 2017 in
719 1952 818 2017 atriis
837 1952 903 2016 tuis
916 1949 1012 2042 super
1027 1951 1139 2019 mistio.
1188 1947 1264 2020 Ubi

206 2050 400 2137 observes,
414 2050 523 2121 illurn
538 2048 748 2121 nominatim
768 2047 813 2120 de
827 2044 967 2119 Christo
983 2063 1204 2121 mentionem
1213 2046 1265 2120 fe·

209 2148 301 2225 cille.
353 2148 458 2220 Duos
474 2163 593 2220 autent
613 2143 790 2235 Psalmos,
814 2166 871 2240 pro
892 2144 1263 2239 oberansinscriptuS,

208 2252 364 2322 arbitror
382 2246 566 2321 salutarem
582 2243 847 2319 resurretlionis
866 2246 1015 2321 Domini
1036 2249 1128 2340 diem
1145 2246 1265 2319 adum·

207 2352 324 2423 brare.
352 2345 441 2419 Cum
453 2347 573 2439 itaque
587 2345 707 2418 David
724 2359 926 2440 peccatum,
948 2347 1046 2439 quod
1056 2349 1098 2421 ad
1109 2335 1283 2421 mortem‘
1366 2389 1378 2444 ¹t

207 2464 308 2540 erat,
333 2446 591 2540 perpetrasset,
618 2447 831 2539 deprecatur
856 2449 893 2519 in
917 2445 1018 2522 sexto
1037 2447 1192 2541 psalm0,
1218 2467 1273 2519 ne*
1376 2448 1378 2453 ’

207 2551 370 2625 furorem
390 2550 422 2620 u
438 2548 524 2619 irarn
538 2546 608 2618 Dei
620 2546 855 2639 experiator3'
870 2545 929 2620 sed
944 2563 1069 2643 rogat,
1094 2561 1137 2620 ut
1153 2548 1268 2620 anima

166 2650 170 2656 ’
208 2649 267 2723 sua
281 2645 791 2734 misericordiambcrnedelanr
807 2644 1056 2737 consequatur.
1100 2646 1193 2719 Illud
1208 2668 1268 2718 au·

207 2765 281 2822 tem
301 2747 461 2820 futurum
483 2745 552 2818 elle
569 2747 786 2819 vaticinatur
804 2747 857 2818 his
876 2749 1021 2821 verbis:
1055 2752 1267 2841 Convenere,

209 2858 371 2938 Domine,
395 2851 478 2942 eripe
493 2851 632 2933 animam
646 2869 764 2934 meam,
784 2846 913 2934 scalmum
931 2872 978 2916 me
986 2847 1048 2939 fac
1063 2863 1193 2942 propter
1209 2852 1268 2912 mi·

205 2948 406 3042 sericonir'am
422 2963 528 3016 ruam:
555 2951 702 3047 quoniam
717 2968 784 3013 non
801 2947 870 3040 esi
857 2970 894 3014 m
911 2965 1007 3018 morra
1026 2951 1081 3044 qui
1099 2969 1211 3016 memor
1228 2947 1268 3034 fit

209 3054 279 3134 rui,
300 3051 343 3116 in
360 3047 486 3136 inferno
498 3063 603 3116 aurem
589 3070 686 3146 qun
702 3046 899 3133 confitebitur
911 3046 969 3116 rr
940 3042 993 3118 b'2
1018 3045 1268 3119 aeeromiuo

208 3149 268 3242 ipit
286 3146 477 3240 supplicet
504 3161 545 3217 ut
563 3166 711 3218 animam
731 3141 825 3217 suam
847 3159 1137 3221 eruatanrorte.
1163 3125 1319 3217 rnre

210 3248 403 3339 quentibus
424 3267 543 3337 veru,
576 3245 610 3318 se
626 3259 717 3317 vota
736 3240 971 3320 consecutum
992 3245 1082 3338 elle,
1109 3245 1269 3319 declarat

210 3347 265 3422 his
283 3348 423 3418 verbis:
453 3348 635 3416 Exaudivit
657 3349 818 3415 Dominus
841 3369 945 3416 vocem
959 3346 1054 3436 {letus
1070 3352 1148 3416 mei.-
1174 3369 1270 3414 exon·

210 3450 299 3519 divit
326 3451 481 3516 Dominus
502 3448 742 3560 deprecationem
759 3469 879 3532 meam,
916 3451 1074 3517 Dominus
1098 3452 1272 3516 emtionem

208 3570 306 3619 meam
312 3545 454 3640 suscepit
479 3544 586 3617 Suum
604 3546 697 3618 enim
715 3565 761 3615 ex
771 3558 890 3617 morte
909 3546 951 3618 ad
970 3546 1082 3620 vitarn
1094 3544 1271 3634 reditum,

210 3669 271 3738 qur
264 3643 373 3738 post
391 3624 686 3717 resurretbionem
710 3642 837 3717 Christi
863 3647 1042 3738 contigit,
1075 3645 1128 3717 his
1150 3641 1271 3715 subin-

210 3746 379 3821 dicavit.-
406 3742 645 3835 Similiterque
658 3741 868 3816 undecimus
879 3742 1050 3837 psalmus,
1075 3742 1270 3837 proclino,

208 3845 398 3937 inscriptus
417 3843 487 3925 est,
508 3864 702 3935 paremque
721 3841 871 3917 Davidis
884 3843 1176 3936 <leprecationem
1185 3859 1274 3913 con·

209 3948 304 4018 tinet
319 3943 489 4015 dicentis:
514 3945 651 4012 Salvum
667 3967 713 4010 me
731 3941 812 4033 fac,
831 3948 995 4026 Domina,
1023 3947 1171 4038 qnoniam
1188 3941 1275 4019 dare·
1308 3944 1336 3980 ·“

210 4053 256 4117 cir
271 4044 417 4136 sanum.
446 4043 625 4134 Deinceps
648 4057 722 4113 non
740 4041 911 4133 obscure,
938 4041 997 4114 sed
1016 4044 1120 4117 clare
1131 4060 1173 4112 ac
1187 4039 1277 4109 dilu-

210 4147 292 4221 cide
309 4141 484 4255 subinfert
500 4142 660 4216 dicens··
686 4145 797 4212 Nunc
813 4143 972 4241 resurgam
992 4144 1074 4229 init
1099 4146 1286 4216 Etiamne

684 4238 777 4334 L5
883 4270 885 4278 ’
1023 4260 1029 4269 ·
1139 4256 1356 4344 puniunt¹
