3075 4875
268 463 273 474 .
353 371 369 522 J
428 361 1172 488 serueriinrsiiiiios..,
1232 431 1306 506 423

317 568 676 669 Nonsiinr'soqiielaem
697 596 734 642 ire
743 570 926 658 sermones,
948 594 1079 669 quorun
1092 577 1158 642 iton
1173 570 1308 645 audiari-

1315 326 1395 334 —

242 684 301 743 rur
318 694 406 740 voces
420 694 544 750 eorum,
557 667 641 765 du]
709 690 758 744 oii
775 670 869 745 idem
887 669 938 744 est
951 671 1096 763 loquela
1111 683 1219 767 atque
1239 668 1307 744 ser·
1330 684 1335 702 ‘

242 790 327 862 uio,
354 771 521 858 quoniam
545 791 627 868 non
643 769 802 866 idemest
822 774 956 863 loquax
978 793 1020 844 ac
1037 771 1197 847 ditertu'e
1233 771 1306 845 Vel

232 868 341 953 ,forte
356 867 463 942 sonus
480 869 523 958 ad
536 871 717 964 loquelas,
737 871 848 946 verba
859 872 902 944 ad
918 869 1099 944 sermones
1109 873 1303 965 pertinent

320 973 359 1039 lu
367 971 430 1056 susc
445 979 548 1063 posuit
563 971 919 1066 robeinaculumsuum,
932 970 1013 1062 syc]
1040 969 1217 1044 Dominus
1237 975 1305 1043 no'·

237 1064 310 1143 ster
325 1066 467 1158 justitiae
480 1067 532 1144 sol
545 1068 620 1163 est,
645 1073 766 1163 inquo
783 1085 885 1167 pater
900 1072 1060 1162 habitat,
1081 1069 1184 1163 juxta
1197 1069 1301 1143 illud:

243 1168 360 1260 Egoin
377 1173 491 1256 Patre,
515 1171 552 1246 (i
562 1188 655 1267 pater
673 1196 710 1241 m
735 1196 792 1242 me.
842 1167 892 1244 Et
912 1168 1050 1244 rursus:
1080 1174 1236 1242 Peterin
1255 1194 1303 1240 me

240 1291 373 1338 manerii
394 1268 453 1364 ipse
467 1268 556 1362 facit
580 1291 682 1365 opera.
733 1267 783 1344 Et
808 1268 1031 1387 dpostolus:
1067 1276 1156 1344 Deus
1173 1286 1243 1342 erut
1263 1277 1303 1342 iri
1368 1333 1370 1338 .

244 1367 367 1462 Christo
384 1372 533 1440 mundum
550 1372 755 1442 reconcilians
770 1370 840 1465 fibi.

321 1470 360 1538 Iu
373 1467 438 1554 sule
455 1469 554 1561 peficit
570 1473 808 1542 rabirirecusum
826 1465 946 1563 suum]
982 1466 1080 1567 Quid
1104 1464 1174 1549 est,
1201 1465 1302 1560 quod
1368 1493 1372 1508 ¹

241 1564 346 1658 dixit,
366 1566 406 1639 Iri
412 1568 477 1656 sose
488 1571 593 1664 posuit
605 1573 838 1660 Mernmusum
843 1563 962 1659 suerri?
989 1568 1142 1668 Quidam
1158 1569 1301 1658 quidem

237 1664 1300 1759 dicebant,quodSaluatornosterascendenseterrisadcoe·

236 1764 332 1855 luni,
350 1767 383 1838 dc
399 1788 530 1861 corpus
542 1769 638 1844 suum
652 1771 847 1860 assumens,
866 1767 1300 1862 perveniturqueadeum

237 1865 427 1957 circulum,
444 1870 502 1958 qui
518 1867 600 1942 solis
612 1892 706 1944 zona
720 1871 942 1959 nominatur,
960 1861 992 1940 dr
1008 1864 1077 1957 ihi,
1094 1866 1214 1956 aiunt,
1234 1885 1300 1958 po·

237 1962 307 2038 suit
325 1969 591 2043 tabernaculum
612 1971 778 2063 corporis
799 1968 869 2043 sui:
895 1987 970 2042 non
992 1965 1198 2039 enimultra
1222 1974 1301 2038 erat

237 2063 399 2157 poliibile
414 2067 448 2139 id
466 2071 646 2165 progredi.
696 2068 765 2144 Sed
782 2070 857 2142 haec
871 2069 921 2140 illi
937 2068 988 2140 ita
1010 2064 1143 2138 sentiut
1158 2084 1227 2166 pro
1250 2083 1296 2136 eo

238 2162 338 2253 quo‘d
353 2166 558 2263 allegoriam
575 2171 707 2244 nolunt
726 2173 762 2242 in
782 2169 954 2261 scriptura
971 2164 1092 2239 divina
1114 2165 1298 2258 recipere,

237 2261 375 2336 &ideo
397 2286 494 2358 purae
513 2268 666 2342 historiae
685 2267 950 2360 deservientes,
977 2263 1179 2357 hujusmodi
1198 2263 1298 2336 faliu-

234 2362 288 2437 las
313 2360 536 2463 &figmenta
555 2382 794 2464 componunt.
844 2366 927 2441 Nos
949 2384 1043 2438 vero
1064 2362 1297 2459 deprecamur

229 2463 538 2558 ‚omnipotentiam
558 2470 654 2564 Dei,
680 2483 722 2543 ut
737 2491 806 2542 nos
830 2467 995 2565 dhoetur
1013 2463 1162 2556 audire,
1191 2464 1224 2535 dc
1247 2459 1297 2536 se·

235 2577 336 2635 creta
362 2567 466 2640 nobis
494 2566 654 2663 spiritalis
676 2569 922 2666 intelligentie
948 2566 1114 2662 dignetur
1146 2566 1295 2656 aperire.

236 2664 350 2760 Quod
366 2685 453 2764 ergo
471 2671 612 2743 anobis
628 2671 666 2743 in
679 2670 752 2743 hoc
768 2671 856 2751 loco
871 2665 1044 2756 sentitur,
1070 2664 1144 2736 hoc
1162 2661 1296 2752 est,-sn

228 2763 295 2852 file
305 2765 405 2856 posuit
419 2767 656 2838 talernaculum
663 2769 766 2854 flium.
794 2770 953 2862 Quaero,
972 2763 1057 2854 quid
1073 2761 1115 2833 sit
1132 2764 1296 2833 taberna·

235 2861 358 2934 culum
366 2859 641 2957 Christi,&quae
649 2867 691 2940 sit
699 2864 890 2955 habitatio,
901 2864 937 2935 in
947 2882 1015 2954 qua
1025 2860 1295 2939 tabernaculum

232 2957 363 3032 Christi
384 2963 597 3041 collocatur.
647 2963 835 3038 Habitatio
858 2960 1080 3035 tabernaculi
1095 2956 1222 3033 Christi
1241 2959 1296 3035 sol

234 3055 305 3131 else
317 3061 456 3135 dicitur.
483 3061 769 3137 ‘sabernaculum
786 3083 879 3135 vero
893 3059 1021 3133 Christi
1033 3056 1225 3131 Ecclesiam
1242 3058 1294 3130 in·

232 3160 371 3255 telligo.
397 3160 518 3237 Solern
534 3176 666 3257 autern,
688 3185 795 3256 queni
810 3162 915 3235 aliurn
931 3157 1062 3233 sentire
1074 3157 1212 3245 debeo,
1230 3156 1293 3230 nisi

231 3259 321 3332 illud
340 3264 457 3335 lumen
476 3284 620 3356 verum,
636 3263 734 3355 quod
754 3262 928 3336 illuminat
945 3278 1089 3334 ornnem
1108 3258 1292 3332 hominem

231 3363 440 3435 venientem
455 3362 492 3435 in
506 3365 601 3437 hunc
618 3360 815 3438 mundum?
839 3360 956 3456 Ipsum
973 3358 1082 3453 video
1094 3355 1223 3449 solem,
1245 3356 1292 3430 de

232 3481 307 3552 quo
324 3461 454 3535 disluin
472 3462 546 3558 est,
574 3465 655 3554 quia
673 3462 860 3535 timentibus
882 3484 994 3531 nomen
1017 3463 1148 3543 Domini
1168 3464 1291 3527 orietur

225 3563 274 3653 sol
285 3565 436 3658 juditia,
461 3563 500 3639 &
512 3566 644 3653 struitur
663 3569 701 3635 iri
715 3566 778 3635 alis
796 3564 874 3660 ejus.
911 3560 951 3635 In
969 3556 1045 3639 sole
1066 3575 1153 3650 ergo
1171 3553 1289 3648 posuit

232 3663 500 3738 tabernaculum
514 3662 634 3758 suuni,
660 3663 695 3738 id
707 3662 779 3756 est,
796 3662 833 3735 in
846 3659 922 3734 sole
938 3657 1080 3752 justitiae
1096 3654 1289 3729 Ecclesiam
1322 3713 1325 3719 .

231 3760 325 3836 suam
351 3765 563 3838 collocavit.
622 3764 663 3837 ln
685 3763 750 3838 illo
776 3746 870 3850 enini
898 3759 973 3832 sole
993 3755 1150 3829 Ecclesia
1173 3755 1288 3826 collo·

233 3875 314 3935 cata
332 3863 404 3952 est,
432 3865 490 3954 qui
513 3863 605 3938 diem
630 3877 802 3938 aeternum
821 3858 936 3951 facit,
961 3857 1051 3941 sicut
1068 3853 1196 3928 ditium
1216 3849 1287 3927 esti

232 3965 314 4040 Erit
337 3965 398 4056 ribi
414 3968 574 4039 Dominus
590 3965 651 4036 iux
672 3979 810 4048 cremo,
833 3959 872 4037 Θ
893 3962 984 4073 Deris
998 3957 1100 4065 glorio
1120 3971 1190 4028 rua.
