3075 4875
305 477 527 558 rums.
552 476 1111 579 murcomannus.
1176 483 1258 591 :aas

207 639 234 714 ri
257 640 352 715 nihil
374 639 580 718 offensionis
601 644 638 716 in
659 644 807 740 lingua,
839 643 931 718 nibil-
951 641 1179 718 crassitudinis
1198 645 1236 718 in

207 740 301 818 siritu
317 741 446 837 gerit,¹
462 744 522 816 ille
536 742 656 838 potest
677 744 818 818 dicere:
846 744 912 837 Ego
926 746 1069 818 Domiao·
1081 743 1236 838 cantabo,

207 839 299 920 sesam
319 845 388 918 ua
412 842 518 931 lsrael.
687 925 691 930 ,
1001 861 1005 870 ·

251 959 289 1031 ’4.
317 941 455 1016 Verum
471 942 551 1035 quia
563 903 872 1016 cobtinuationem
881 942 1015 1018 cantici
1026 961 1091 1046 per
1103 939 1237 1039 iugula

207 1061 250 1116 ou
270 1041 496 1138 occurrimus
519 1044 729 1135 explicare,
762 1041 1018 1134 interpolando
1037 1039 1158 1115 saltem
1186 1040 1238 1114 se·

207 1138 472 1234 anleriionis,
493 1142 704 1234 videamus,
737 1140 892 1232 quidest
915 1141 1014 1232 quod
1035 1140 1143 1215 dicit:
1172 1144 1237 1212 car
1287 1221 1290 1236 Ι
1325 1177 1327 1181 >

207 1265 275 1311 eaor
294 1242 333 1310 ad
348 1264 403 1327 aa,
427 1265 496 1338 qrrae
511 1241 652 1337 dispufira
667 1242 750 1330 sunt
767 1242 844 1311 bair
863 1241 969 1329 lsrael.
1018 1239 1104 1312 Hoc
1121 1240 1255 1314 modo‘

207 1337 346 1434 iderur,
371 1341 469 1429 quod
483 1340 588 1415 dicit:
614 1360 680 1414 cor
698 1361 836 1434 meum,
856 1339 1040 1412 &animus
1052 1360 1174 1431 meus,
1200 1339 1258 1418 dt.

207 1437 294 1514 lusus
311 1458 436 1531 meris,
472 1441 505 1513 dt
524 1454 605 1514 tota
620 1462 718 1514 mens
733 1461 812 1514 mea
831 1440 875 1513 ad
894 1440 981 1512 illud
997 1439 1169 1519 intendit,
1201 1439 1238 1512 dt
1346 1455 1348 1460 ·

207 1538 264 1612 lud
285 1535 476 1631 prospicit,
502 1542 600 1631 quod
617 1539 820 1635 dispositum
836 1538 911 1629 est,
937 1538 970 1611 du
992 1537 1089 1630 quod
1105 1559 1238 1631 praepa·

207 1652 295 1710 itum
306 1634 358 1708 est
373 1635 501 1726 lsrae13
517 1639 604 1710 illud
614 1653 696 1712 tota
710 1653 832 1713 mente
844 1638 1048 1731 prospicio,
1067 1639 1165 1729 quod
1180 1636 1236 1710 fu·

207 1757 297 1808 uum
332 1734 394 1810 est.
462 1735 497 1809 Si
525 1739 618 1810 enim
644 1739 688 1812 ad
713 1740 801 1810 illud
824 1740 1015 1811 intendero
1054 1740 1238 1834 animum,

207 1838 324 1927 mnia,
350 1856 427 1926 quae
443 1836 479 1908 in
498 1837 570 1931 lppc
589 1839 724 1912 mundo
748 1836 846 1930 sunt,
872 1836 998 1911 ducam
1020 1854 1058 1910 ur
1071 1840 1237 1933 fleraara,

207 1934 400 2030 erriflum
420 1937 643 2028 lucrifaciam,
680 1938 742 2031 qui
766 1937 982 2033 praeparavit
1005 1936 1066 2008 illa
1082 1936 1237 2028 omnia,
1284 1935 1286 1943 ’

207 2053 255 2106 uae
268 2036 377 2106 aulas
398 2058 463 2106 nm
482 2039 597 2124 vidit,
621 2062 678 2109 nec
697 2041 788 2108 aurii
806 2042 954 2126 audiuit,
978 2056 1034 2110 net
1054 2039 1092 2105 in
1109 2060 1164 2106 cor·
1182 2038 1238 2105 bo·

207 2138 276 2203 ima
298 2135 457 2221 ascendit,
488 2140 547 2220 iia,
572 2142 632 2233 qui
657 2139 795 2229 diligunt
819 2161 897 2213 eum.
949 2133 1025 2208 Cor
1043 2154 1152 2230 ergo,
1185 2136 1238 2208 in·
1329 2140 1332 2145 ’

207 2235 281 2325 uit,
299 2255 420 2306 meum
433 2234 476 2308 ad
492 2236 551 2309 ilia
566 2236 783 2408 egrtenditur.
834 2235 925 2312 Non
939 2234 1034 2310 enim
1049 2235 1164 2308 adhuc
1174 2236 1239 2308 hu·

207 2351 319 2406 sanum
339 2352 405 2404 cor
420 2354 529 2428 geru,
555 2357 579 2409 n
604 2359 673 2428 que
693 2358 770 2428 qnae
790 2338 938 2431 cogito,
964 2334 1156 2408 secundum
1169 2336 1238 2407 ho-

207 2433 309 2511 inem
328 2434 474 2527 cogito:
499 2431 557 2508 sad
580 2438 661 2529 quia
676 2434 866 2515 secundum
889 2434 1096 2533 scripturam
1112 2436 1161 2528 ii,
1193 2431 1239 2508 ad
1302 2484 1305 2491 ι

207 2552 270 2604 uos
288 2528 405 2625 sermo
423 2533 494 2607 Dei
516 2532 585 2627 fit,
613 2537 660 2607 dii
679 2535 780 2629 sunt,
804 2557 872 2609 nec
889 2556 959 2632 ego
974 2537 1049 2609 baec
1063 2536 1239 2628 humana,

207 2630 514 2707 uidivinamente
533 2633 725 2729 prospicio.
1101 2708 1106 2713 .

252 2750 291 2821 5.
322 2733 468 2807 Parma
478 2735 605 2831 papali,
627 2735 795 2811 benedicite
814 2739 1008 2818 Dorum,
1023 2736 1089 2833 ‚qai
1103 2733 1241 2823 ascendi·

207 2835 229 2901 la
248 2834 351 2929 saper
368 2837 527 2930 jumenia.
576 2833 678 2937 qu
698 2831 752 2909 ‚est
768 2831 957 2913 ostendisse
977 2830 1080 2926 super
1101 2833 1239 2924 J'umen·

207 2930 284 3007 rml
313 2929 456 3025 Corpus
472 2932 544 3006 hoc
556 2954 673 3009 meum
687 2932 969 3026 jumentumestr
996 2931 1039 3004 ad
1059 2931 1241 3024 adjumen-

207 3046 257 3105 un
273 3031 392 3122 enim,
426 3032 524 3105 &ad
547 3032 776 3108 ministerium
794 3033 917 3106 datum·
939 3029 1008 3104 est:
1034 3052 1103 3134 ego
1120 3045 1241 3108 autem

207 3152 276 3221 ssu,
295 3128 342 3205 .id
365 3129 441 3221 est,
466 3133 618 3205 interior
643 3135 786 3226 homo,
824 3134 883 3225 qui
904 3127 1044 3205 ascendi
1064 3128 1166 3221 super
1184 3132 1240 3223 ju·-

207 3229 454 3312 rentumboc,
482 3233 538 3303 cui
554 3232 712 3326 dicitu-r,
745 3246 787 3305 ut
802 3231 1010 3307 benedicam
1028 3229 1239 3307 Dominum.

207 3330 211 3401 i
226 3349 319 3427 ergo
336 3349 426 3401 vere
447 3328 627 3411 ascendisti
647 3330 749 3425 supra
766 3353 898 3424 corpus
915 3384 928 3424 ,
961 3330 994 3403 δι
1014 3331 1174 3425 superior
1191 3329 1242 3405 es-

207 3427 290 3503 esbus
309 3430 557 3520 corporalibus
575 3430 778 3525 desideriis,
805 3432 839 3505 ἃ
859 3444 980 3504 motus
1001 3431 1168 3523 corporis
1185 3429 1241 3503 tui

207 3549 284 3601 eno
297 3529 430 3601 mentis
444 3528 478 3599 u
491 3530 672 3611 interioris
686 3530 841 3604 hominis
854 3531 1096 3605 moderamine
1112 3532 1242 3624 guber.-

207 3642 326 3719 antur,
353 3629 398 3703 de
413 3641 450 3701 te
464 3628 605 3721 dicitur,
632 3631 713 3721 quia
730 3628 908 3703 ascendisti
925 3626 1027 3720 super
1039 3630 1240 3720 jumentum

207 3748 283 3817 oc,
318 3728 378 3798 cui
397 3726 552 3819 dicitur,
591 3742 633 3800 ut
655 3729 847 3803 benedicas
874 3727 1082 3804 Dominum.
1141 3731 1240 3824 Quid

207 3840 302 3903 utum¹
322 3825 401 3917 est,
433 3827 531 3916 quod
558 3824 743 3918 sequitur?
779 3833 881 3922 Super
903 3823 1071 3914 maliolo,
1104 3829 1242 3918 inquit,

207 3929 338 4019 *dantem
365 3923 404 4002 ὅ
413 3927 508 4021 super
526 3928 626 4019 astutas
646 3928 844 4020 refulgentes.
873 3927 971 4026 Quid
991 3926 1052 4001 fibi
1071 3927 1241 3999 videntur

207 4023 251 4098 ise
266 4025 368 4099 asina
390 4025 643 4119 refulgentes?
678 4026 780 4101 Dicit
807 4026 901 4101 enim
921 4025 1120 4121 scriptura,
1159 4027 1243 4116 quia

207 4141 356 4217 posteat
378 4126 601 4223 benedicere
620 4128 820 4230 Dominum
837 4147 902 4204 eos
924 4180 939 4226 ,
974 4128 1037 4223 qui
1052 4126 1183 4229 sedent
1196 4124 1258 4203 iu.-

1148 4247 1221 4332 per
1263 4266 1266 4273 ·
