3075 4875
268 456 271 459 ·
365 435 1062 546 cosecratu-rsntn'os.
1171 479 1239 553 ³15

178 637 255 698 tum
273 619 324 696 sui
347 621 480 717 ipsius,
506 636 583 696 tum
610 633 846 711 ceterorum,
874 640 951 709 quae
968 616 1030 693 sub
1047 617 1163 694 sensus
1186 629 1242 693 ca·-

177 728 299 811 dunt,
335 721 446 798 visum
471 725 654 817 praebeat:
688 723 734 796 sic
750 721 852 795 Deus
869 723 1009 793 ¹virtute
1025 720 1175 812 quadam
1198 721 1243 794 ad

175 825 396 920 singulorum
411 835 568 898 mentem
581 822 821 915 perveniens,
848 821 961 895 modo
977 820 1018 894 sit
1030 821 1247 894 nullatenus·

178 940 379 1017 cooperta,
404 945 522 1016 neque
536 925 578 996 ab
595 919 778 996 affectibus
791 921 1084 1015 impedimentum
1095 921 1242 1012 aliquod

178 1026 359 1126 patiatur,
386 1025 576 1116 quominus
596 1035 703 1096 acute
722 1029 871 1117 cernat,
896 1018 1026 1108 efficit,
1052 1021 1147 1093 ut&
1169 1019 1244 1113 ipse

178 1124 424 1220 intelligatur,
451 1124 550 1198 &ad
575 1124 642 1196 alia
669 1141 842 1214 quoque,
869 1142 946 1212 quar
963 1119 1024 1193 sub
1046 1122 1244 1217 intelligen-

179 1228 268 1299 tiam
293 1223 455 1317 cadunt,
482 1221 712 1318 intelligenda
730 1222 994 1316 perveniatis,
1020 1222 1121 1312 qu'us
1146 1243 1244 1294 men·

179 1339 255 1399 tem
280 1322 521 1397 illustraverit.
573 1323 673 1396 Nihil
700 1323 826 1396 mirum
851 1336 997 1414 autem,
1029 1320 1243 1396 srnonnulli

180 1427 218 1500 in
234 1425 371 1496 artibus
384 1439 446 1495 aut
460 1421 615 1497 scientiis
628 1421 835 1515 quibusdam
853 1420 1095 1514 perspicaces,
1124 1426 1182 1494 vel
1201 1422 1244 1498 ad

181 1525 430 1621 percipiendas
448 1524 614 1614 quasdam
635 1524 793 1596 morales
814 1520 848 1594 u
869 1519 1066 1594 dialesticas
1083 1521 1245 1614 quaestio·

180 1645 248 1699 nes
273 1623 452 1698 acutillimi
469 1626 639 1719 ignorant
655 1621 787 1696 Deum.
839 1622 980 1696 Horum
996 1624 1090 1696 enim
1105 1625 1244 1697 intelle·

181 1724 278 1798 tium
303 1722 448 1798 similem
473 1721 543 1797 esse
563 1723 711 1798 dicimus
736 1723 869 1814 oculo,
897 1722 955 1813 qui
979 1721 1156 1811 quidlibet
1173 1745 1244 1804 ma·

183 1827 237 1921 gis
254 1825 416 1896 intuetur
438 1844 542 1915 quam
559 1821 692 1914 solem,
714 1821 949 1913 &nunquam
967 1822 1009 1894 ad
1028 1823 1147 1895 radios
1166 1824 1244 1913 ejus

182 1922 438 2019 percipiendos
457 1922 633 1998 attolitur.
686 1921 998 2023 Quemadmodum
1013 1923 1107 1995 enim
1123 1921 1246 1996 solaris

183 2025 304 2097 radius
322 2024 398 2115 ej-us
416 2025 557 2097 vultum
580 2022 749 2118 attingit,
778 2023 837 2114 qui
854 2020 966 2115 ipsum
986 2018 1151 2115 respicit,
1177 2043 1249 2096 nee

185 2124 349 2216 possibile
371 2121 443 2217 est,
467 2122 550 2197 solis
571 2121 641 2196 elle
657 2135 865 2216 expertem,
893 2124 952 2214 qui
968 2121 1011 2194 ad
1035 2120 1147 2216 ipsum
1163 2121 1244 2216 stat,

183 2225 235 2295 ita
252 2223 500 2319 cogitandum,
527 2222 598 2296 Dei
617 2223 766 2296 omnino
781 2220 851 2296 esse
864 2223 1094 2315 participem,
1122 2226 1180 2315 qui
1197 2225 1246 2296 di·

186 2325 263 2395 vini
280 2324 383 2397 verbi
404 2325 520 2421 legem
543 2323 735 2397 meditatus
757 2322 893 2417 fuerit,
921 2323 955 2398 u
976 2338 1131 2398 mentem
1151 2322 1247 2400 suam

185 2424 232 2498 ad
242 2423 359 2497 Deum
374 2421 666 2521 cognoscendum
681 2421 879 2499 tradiderit.
930 2424 1065 2523 Quod,
1092 2424 1248 2520 opinor,

185 2525 367 2600 hocloco
389 2521 561 2621 significat
585 2524 788 2618 Propheta,
815 2544 897 2598 cum
920 2526 991 2598 ait:
1017 2527 1248 2619 signatumest

180 2629 281 2720 super
295 2647 350 2696 nes
365 2625 470 2696 lumen
483 2627 598 2696 vultus
618 2634 670 2695 rui
691 2630 840 2697 Domine.
887 2622 1033 2715 Signum
1054 2628 1170 2717 enim,
1196 2628 1247 2699 in.

186 2726 285 2818 quit,
311 2725 474 2819 luminis,
502 2725 600 2818 quod
615 2727 653 2799 in
671 2727 854 2798 vultutuo
870 2723 1095 2815 resplendet,
1121 2725 1164 2799 ad
1178 2732 1248 2800 nos'

185 2825 428 2923 perveniens,
452 2822 772 2918 nobisimpreslum
786 2822 857 2916 est,
884 2823 1114 2918 &ipsummet
1129 2826 1249 2898 lumen

186 2926 312 2998 vultus
331 2926 384 2998 tui
403 2924 451 2998 stc
463 2924 663 3019 expressum
679 2923 752 3016 est,
778 2939 839 3016 ut,
857 2926 916 3015 qui
934 2924 1060 2999 videre
1075 2924 1195 3020 potest
1209 2924 1249 2999 sr-

187 3045 297 3123 gnum
314 3026 427 3098 divini
448 3026 609 3120 luminis,
637 3025 735 3117 quod
754 3025 927 3121 slgnutum
946 3022 1018 3119 est,
1044 3026 1117 3101 hoc
1139 3020 1251 3119 ipsum

188 3125 305 3200 liatim
324 3125 500 3221 intelligat
518 3126 555 3199 in
575 3127 682 3199 nobis
705 3123 835 3201 facium
863 3122 944 3201 elle.
997 3124 1170 3200 Arbitror
1189 3148 1252 3199 ve·

189 3247 264 3313 ro,
296 3225 402 3300 etiam
429 3225 502 3299 hoc
523 3246 691 3300 arcanum
717 3226 755 3299 in
778 3223 914 3300 Exodo
938 3228 1136 3325 declarari,
1170 3242 1252 3301 cum

187 3322 331 3418 Moysis
356 3345 437 3400 cum
460 3324 543 3399 Deo
565 3326 787 3403 familiariter
809 3326 1054 3420 colloquentis
1071 3327 1183 3402 facies
1200 3327 1252 3402 ita'

190 3423 393 3522 glorificata
416 3423 492 3519 est,
522 3441 659 3525 utnon
685 3424 826 3520 pollent
847 3424 1035 3504 filii'lsraei
1060 3427 1251 3502 intendere

190 3530 228 3598 in
252 3526 402 3620 gloriam
418 3527 517 3618 eius,
543 3527 728 3600 &idcirco
743 3525 919 3621 assumpto
934 3531 1113 3603 velamine
1129 3528 1251 3603 servus

189 3624 264 3700 Dei
278 3623 477 3701 sermonem
497 3627 541 3701 ad
557 3629 734 3721 populum
749 3628 926 3705 habuerit.
977 3628 1036 3702 Sic
1049 3629 1168 3703 omnis
1181 3628 1253 3702 ani·

190 3750 271 3819 ma,
298 3748 377 3821 quo
395 3740 477 3800 tota
498 3726 583 3802 Deo
605 3726 741 3803 additia
756 3726 829 3822 est,
856 3730 889 3803 dt
912 3726 955 3801 ad
969 3730 1161 3804 veritatem
1177 3729 1253 3820 ejus

191 3828 353 3921 plurimis
379 3826 541 3923 ignotam
562 3828 732 3921 accessit,
769 3829 1038 3923 divinitatisque
1059 3830 1135 3923 ejus
1163 3826 1256 3902 fasta

192 3925 244 4001 est
264 3926 465 4020 particeps,
490 3929 688 4005 multorum
711 3945 854 4024 captum
876 3930 1041 4022 excedit,
1067 3930 1118 4004 ita
1132 3941 1174 4002 ut
1194 3936 1255 3999 ve-¹

193 4030 324 4102 lamine
341 4025 517 4122 assumpto
537 4028 664 4124 dirigat
684 4030 898 4122 inferiores,
925 4054 991 4124 ea,
1020 4050 1097 4123 quae
1111 4028 1154 4102 ad
1175 4048 1257 4119 capa
1371 4114 1375 4117 ,

192 4143 271 4208 tum
289 4129 435 4205 illorum
462 4127 566 4227 sont,
589 4130 824 4226 proferende.
873 4131 945 4209 Dei
968 4145 1087 4209 sutem
1104 4127 1261 4307 ΐιάὶιιὲς
1328 4210 1331 4217 ,
