3075 4875
207 429 210 434 ’
293 473 296 478 ·
383 426 1099 592 ruerant-cummuni
1161 429 1267 582 Gan,

189 651 308 731 quam
324 626 477 714 daemoni
491 637 636 715 sumilem
649 639 851 733 potentiam
864 635 1073 720 concedam.
1098 634 1194 715 Nam
1205 637 1268 726 se·

192 740 298 814 muel
310 739 355 811 de
366 739 485 832 Saule,
503 740 538 812 dr
553 719 693 833 pdpulo
707 739 793 832 Dei,
814 738 976 835 &regno
986 737 1123 833 David,
1142 739 1266 816 David
1338 735 1340 740 ’

191 836 339 916 scilicet
357 855 586 934 regnaturum
604 840 833 926 vaticinatur.
860 837 1170 937 Quicontrarium
1190 836 1267 914 sen·

193 938 322 1030 aiunt,
349 940 566 1031 veritatem,
591 958 670 1031 que
683 938 721 1014 in
735 951 781 1012 eo
797 941 884 1011 loco
902 936 975 1030 est,
1001 934 1216 1024 confirmare
1229 940 1267 1018 se

193 1058 281 1112 mon
296 1035 397 1131 posse
419 1038 716 1113 animadvertent
765 1037 837 1112 Sed
855 1057 1006 1130 quanam
1027 1037 1169 1111 ratione
1190 1032 1267 1111 san·

196 1136 279 1234 ,alus
296 1156 365 1230 pro
380 1130 491 1212 salute
506 1138 598 1212 male
612 1136 647 1212 se
661 1137 893 1231 habentium,
911 1138 955 1209 in
971 1138 1093 1210 locum
1111 1137 1267 1233 ubi-per-

193 1249 349 1312 manent
366 1234 570 1311 deveniet?
595 1236 636 1312 In
652 1240 735 1310 loca
753 1237 906 1312 militum
922 1237 1172 1334 agrotantium
1192 1257 1268 1311 me-
1329 1263 1331 1268 ·

194 1336 274 1411 -dici
296 1334 446 1432 gressum
469 1337 643 1434 dirigant:
675 1338 861 1410 introeant
882 1336 944 1410 ubi
971 1334 1082 1418 soetor
1103 1337 1272 1413 ulcerum·

192 1455 332 1514 cotum
345 1438 437 1511 male
452 1437 540 1511 olet.
591 1437 677 1510 Hoc
694 1430 850 1534 suggerit
865 1433 1089 1512 medicorum
1103 1436 1139 1509 in
1152 1435 1274 1518 homi,

193 1555 266 1614 :nes
285 1555 397 1609 amor.
448 1535 508 1608 Sic
526 1533 810 1628 &Propheticuc
826 1535 941 1610 sermo
955 1534 1135 1609 salvatori
1151 1533 1269 1630 suasrt,
1362 1541 1365 1548 “

195 1651 315 1714 uteo
337 1633 509 1729 veniret,
546 1631 850 1728 descenderetque
867 1634 906 1708 in
924 1632 1115 1709 insemum.
1174 1633 1270 1710 lllud

195 1734 290 1815 item
309 1734 469 1807 orationi
492 1734 709 1811 addendumr
735 1734 876 1810 Samuel
892 1730 1077 1827 Propheta
1089 1732 1179 1826 fuit,
1204 1753 1270 1831 eo-

197 1855 275 1926 que
293 1846 442 1908 mortuo
460 1834 652 1929 prophetia
667 1836 711 1909 ab
732 1834 797 1908 illo
813 1830 970 1911 discessit.
1020 1831 1160 1906 Annon
1178 1851 1269 1907 vera
1366 1839 1372 1850 “

197 1934 294 2007 dicit
313 1928 547 2027 Apostolus?
583 1936 666 2031 Jam
684 1933 835 2032 prephato
854 1958 893 2005 ex
911 1949 1027 2030 parte,
1057 1930 1270 2030 &exparte

199 2030 360 2128 aeguofia:
386 2058 455 2104 cum
465 2060 540 2104 aare
550 2037 775 2125 consummatio
788 2040 938 2126 venerit,
953 2034 1118 2131 tuncqaod
1131 2048 1271 2129 exparte

200 2134 262 2232 qs,
289 2140 386 2204 ariam
408 2139 624 2205 evacuabitur.
677 2130 947 2207 Consummatio
967 2131 1089 2225 itaque
1102 2129 1184 2226 post
1204 2133 1272 2222 hp·
1378 2212 1385 2218 ,,

198 2231 260 2328 ¹jue
279 2234 366 2306 vitu
385 2227 495 2308 finem
513 2230 576 2309 est.
627 2230 676 2307 Et
698 2233 869 2326 quicquid
883 2230 987 2308 Isaiae
1003 2232 1283 2326 prophetavit,

199 2351 252 2407 ,ex
268 2344 371 2426 parte
389 2351 469 2406 cum
486 2332 585 2408 omni
598 2333 765 2408 libertate
780 2329 1080 2425 vaticinamur,
1106 2328 1272 2407 testatur·

207 2455 277 2526 que
293 2430 345 2506 esc
359 2430 435 2507 haec
453 2429 574 2507 omnia
592 2434 637 2507 de
653 2430 854 2535 prophetia
873 2426 1180 2507 consummatione
1196 2429 1273 2506 Da·
1303 2500 1308 2509 ,

201 2533 290 2607 uida
314 2550 392 2605 non
411 2533 552 2628 recepit
563 2534 670 2629 igitur
686 2531 835 2630 gratiam
851 2528 1099 2627 propheticam
1115 2532 1271 2608 Samuel.
1378 2588 1381 2595 .

201 2627 587 2723 dtintelledlusmeus
604 2630 890 2708 smesrudluestt
916 2626 1286 2723 &quodEcclesmm
1314 2662 1328 2673 ·
1364 2639 1367 2653 '

201 2726 384 2824 ,adificam
411 2727 470 2824 qui
487 2733 606 2828 lingua
620 2728 792 2824 loquitur.
820 2726 869 2804 Et
882 2730 1010 2806 Paulus
1024 2726 1097 2826 ipse
1108 2728 1272 2823 affirmat,

202 2825 1273 3024 ·tullliusisllllslddsilisi{sil-'ilisa

1010 2980 1020 3015 t

212 3031 296 3106 tiam
315 3030 566 3124 propheticam
587 3024 726 3124 habet,
760 3049 879 3122 neque
898 3028 993 3103 enim
1011 3025 1116 3122 ipsam
1138 3027 1272 3120 amisit,
1367 3088 1369 3093 .

203 3128 272 3206 misr
291 3130 513 3223 peccauerit.
564 3127 671 3204 Solus
699 3129 832 3223 quippe
853 3128 1000 3225 gratiam
1022 3128 1273 3221 propheticam

212 3228 364 3322 amittit,
391 3229 474 3322 qui,
500 3230 687 3324 postquam
707 3227 957 3323 prophetarit,
982 3227 1127 3324 indigna
1138 3224 1273 3327 Spiritu
1297 3266 1300 3280 ·

156 3406 159 3417 ,
203 3326 332 3413 sanilo
356 3346 556 3438 operaturi
581 3330 631 3404 ita
648 3343 690 3403 ut
706 3328 818 3423 ipsum
836 3327 991 3422 Spiritus
1018 3325 1183 3419 deserat,
1217 3324 1272 3399 fu·
1331 3414 1333 3419 Ι

205 3432 357 3527 giatque
373 3430 417 3501 ab
440 3427 517 3521 ejus
537 3430 698 3523 principe
722 3429 845 3504 animae
867 3428 1037 3504 facultate
1101 3426 1213 3525 Quod
1230 3427 1274 3498 ti·

212 3533 440 3605 urebat-tunc
458 3525 540 3624 post
563 3543 751 3623 peccatum
774 3527 917 3621 David,
950 3526 1186 3619 dicebatque:
1224 3526 1273 3598 Ec

212 3630 374 3726 Spiritum
385 3626 531 3717 seusium
547 3645 637 3703 tuum
652 3654 696 3701 na
711 3625 840 3717 auferas
855 3653 876 3701 a
894 3651 950 3713 me.
1005 3624 1130 3718 Itaque
1147 3623 1171 3700 fi
1195 3623 1272 3720 Spi·

204 3725 449 3804 ‚rituasanclus
466 3729 680 3825 prophetat:
704 3725 870 3803 cuinam?
895 3725 1073 3823 Angelis?
1095 3726 1164 3799 At:
1191 3728 1273 3798 Nu
1354 3726 1356 3730 ’

205 3852 285 3928 reptas
299 3830 340 3926 cst
355 3830 487 3901 medicus
505 3830 596 3915 beru,
614 3830 669 3919 sad
685 3832 764 3902 male
776 3829 974 3900 labentibus.
1025 3826 1180 3926 Quinam
1196 3825 1272 3916 ejus

206 3928 441 4025 ,prophetiam
456 3926 666 4024 excipiunt?
695 3928 825 4025 Neque
842 3929 935 4003 enim
949 3924 1076 4002 frustra
1093 3923 1144 3999 est
1161 3923 1274 4020 gratia

204 4028 458 4125 prophetica
490 4050 608 4122 neque
629 4028 739 4103 ullum
761 4027 929 4105 charisma
950 4046 1102 4117 eorum,
1137 4021 1273 4114 quaein

204 4127 335 4211 undo
359 4124 475 4226 lutat,⁸
502 4129 630 4210 frustm
652 4127 713 4311 eg.
774 4126 899 4218 Gratia
909 4129 1038 4225 ,itaque
1059 4120 1282 4222 ‚prbuhet'm

297 4244 299 4249 ’
432 4255 435 4262 ·
730 4248 754 4310 2
1074 4238 1253 4304 murtue-
