3075 4875
238 445 390 579 44]
526 457 982 595 fonrortnrs
1114 409 1117 422 ¹

240 663 305 740 per
320 640 510 735 uehicula,
538 637 692 731 &super
712 638 820 713 asinas
840 639 1072 735 refulgentes.
1123 638 1220 715 Mrlri
1239 661 1304 717 ve·

162 787 170 798 -
239 746 296 818 lut
308 744 342 816 in
361 742 452 813 locis
472 742 522 812 lta
541 737 739 815 difficilibus
760 740 831 811 tale
856 738 986 832 aliquid
1003 738 1181 816 videtur:
1219 761 1312 824 cum¹

237 844 437 937 jumentum
452 840 547 933 hoc,
562 838 598 913 id
612 837 683 930 est,
700 846 834 931 corpus
851 859 989 931 meum,
1005 837 1067 930 sub
1081 840 1170 936 jugo
1190 861 1303 915 veno·

242 945 290 1014 rit
303 940 404 1013 verbi
422 939 515 1032 Dei,
541 954 628 1011 tunc
653 938 860 1009 vehiculum
875 939 1041 1030 corporis
1057 941 1128 1012 mei
1147 940 1303 1034 resplen-

243 1042 328 1113 dere
343 1027 510 1131 inclpiet:
536 1037 569 1111 ot
585 1037 784 1128 aoranae,
810 1035 846 1108 id
861 1036 933 1130 est,
951 1055 1040 1108 caro
1050 1059 1130 1112 mea
1143 1047 1234 1113 tunc
1245 1047 1304 1115 r'e·

239 1141 379 1238 fulgere
388 1137 539 1230 dicetur,
549 1155 630 1210 cum
646 1134 813 1208 castitatis
827 1156 869 1208 ac
877 1135 1057 1229 pudicitia
1070 1135 1303 1233 fueritsplen·

241 1240 330 1312 dore
348 1238 528 1309 decorata.
560 1275 563 1279 »
579 1232 629 1307 Et
643 1236 693 1308 ita
709 1232 805 1308 reete
825 1234 955 1308 dicitur
972 1236 1090 1308 anima
1108 1234 1235 1312 sedens
1250 1237 1304 1314 su·

240 1357 304 1434 per
330 1336 454 1408 asrnam
476 1332 758 1427 resplendentem
781 1332 978 1407 Dominum
998 1335 1239 1432 benedicere,
1267 1340 1303 1412 lit

239 1438 278 1508 in
298 1436 416 1508 medio
431 1434 624 1506 laetantium
640 1434 783 1506 laudare
800 1433 930 1509 Deum.
962 1432 1012 1516 lbi
1026 1436 1149 1507 dabunt
1155 1439 1301 1533 jusiitias

243 1539 394 1609 Doniino.
446 1531 666 1605 Sacrificium
686 1532 848 1605 Domino
858 1533 960 1606 uliud
982 1531 1032 1606 est
1053 1538 1300 1632 acceptabile,

239 1633 339 1726 quod
354 1633 390 1707 in
402 1630 533 1726 justitia
549 1632 702 1705 offertur
719 1631 881 1705 Domino
897 1631 931 1706 ἃ
946 1634 1123 1724 aequitate.
1149 1631 1199 1707 Et
1214 1637 1299 1711 ideo

239 1733 389 1806 dicitur:
419 1731 509 1831 Jusli
520 1732 697 1825 confortati
704 1732 786 1821 suut
800 1737 836 1801 iu
850 1732 957 1818 Israel.
1009 1730 1048 1805 In
1067 1734 1141 1807 aliis
1159 1736 1301 1826 quidem

239 1834 435 1928 gentibus,
468 1832 528 1924 qui
552 1828 717 1927 corporis
745 1832 881 1905 robore
906 1830 1078 1904 fortiores
1106 1832 1217 1926 sunt4
1248 1835 1300 1909 illi

237 1942 410 2025 potentes
432 1932 599 2006 dicuntur
614 1936 650 2005 in
666 1932 811 2025 praelio:
836 1931 873 2005 in
889 1930 995 2005 lsrael
1013 1950 1130 2024 vero,
1163 1935 1225 2025 qui
1244 1934 1300 2027 ju-

236 2029 365 2105 su'ores
379 2030 480 2123 sunt,
506 2031 568 2123 ipsi
589 2031 1004 2125 potentioretdicuntur
1018 2031 1053 2103 in
1070 2031 1192 2105 bellis:
1218 2035 1300 2124 quia

235 2128 388 2224 justitia,
417 2130 547 2203 etiamst
568 2131 704 2203 viribus
720 2126 859 2203 infirma
877 2129 940 2222 lit,
967 2130 1108 2202 vincit:
1130 2130 1301 2224 injustitia

236 2248 353 2322 ver0,
380 2229 442 2304 ets1
458 2228 640 2302 multos&
658 2228 798 2303 validos
819 2251 867 2322 pu
916 2242 1034 2301 atores
1048 2229 1211 2321 habeat,
1247 2232 1300 2306 su·

235 2343 394 2423 petatur.
446 2328 630 2425 sicigitur
651 2330 687 2402 in
712 2330 780 2402 hac
799 2349 906 2424 gene
931 2326 1075 2420 nostra,
1096 2328 1136 2401 'id
1161 2329 1234 2424 est,
1260 2332 1300 2405 in

236 2429 377 2525 populo
397 2428 488 2522 Dei,
513 2451 578 2525 per
593 2426 761 2523 justitiam
784 2425 987 2523 superamus
1000 2429 1013 2523 ,'
1027 2440 1101 2504 “aut
1120 2449 1186 2525 per
1205 2429 1298 2526 inju-

237 2529 366 2606 stitiam
392 2531 581 2605 vincimur.
1038 2557 1041 2562 ·
1258 2536 1265 2559 ⁸

312 2634 346 2705 6.
376 2633 501 2725 Exurge
521 2630 677 2717 Deliam,
704 2630 828 2721 exsurge
849 2624 1110 2716 &stultitam
1125 2632 1298 2727 misiapo·

234 2731 316 2829 puli.
342 2729 537 2825 Prophetia
552 2729 694 2823 quando
712 2726 891 2825 exsurgit?
919 2725 1088 2803 Prosetlo
1108 2727 1146 2802 in
1163 2731 1300 2804 adven·

237 2845 279 2905 tu
294 2831 461 2905 Domini:
488 2831 615 2913 &non
634 2827 746 2903 solum
762 2825 1026 2924 ipsnexsurgit,
1052 2826 1111 2900 sed
1129 2829 1164 2902 δι
1180 2850 1299 2925 popu-

236 2932 293 3006 los
315 2930 455 3006 suscitat
475 2930 518 3004 ad
531 2929 758 3005 credendum.
812 2928 982 3024 Captivam
994 2929 1103 2997 ducito
1122 2934 1298 3024 captivita-

235 3035 362 3124 temstii
377 3034 539 3105 Abinoem.
591 3027 775 3104 Abinoem
791 3025 973 3119 responsio
994 3026 1103 3118 patris
1121 3028 1298 3124 interpre·

234 3145 343 3207 tatur.
369 3133 484 3225 Huius
500 3130 592 3206 filius
610 3128 660 3201 est
676 3127 822 3202 Barach.
850 3125 1105 3221 Captivitatem
1125 3125 1170 3200 de
1185 3128 1297 3202 hosti·-

229 3231 303 3305 bus
324 3233 468 3324 capiet,
504 3231 564 3326 qui
593 3225 738 3301 caelestis
760 3225 870 3319 patris
893 3223 1058 3316 responsa
1083 3223 1295 3304 servaverit.

236 3335 376 3403 Domine
400 3332 536 3401 humilia
556 3331 638 3400 milii
654 3328 805 3421 fortiores
826 3349 884 3401 mu
934 3325 1023 3398 Vox
1048 3323 1111 3397 ista
1134 3322 1296 3403 fidelium

233 3430 307 3523 est,
334 3427 586 3519 confitentium
604 3427 826 3522 simpliciter,
853 3424 1026 3498 fortiores
1042 3422 1111 3497 elle
1126 3425 1294 3500 inimicos

226 3528 347 3622 ¹suos,
378 3529 562 3604 adversum
585 3548 676 3620 quos
696 3526 802 3603 nobis
827 3545 944 3619 pugna
967 3523 1001 3596 &
1022 3537 1204 3597 certarnen
1223 3524 1293 3599 est:

232 3628 315 3722 quia
332 3649 408 3702 non
423 3629 474 3704 est
488 3630 594 3703 nobis
614 3647 731 3723 pugna
757 3624 924 3697 adversus
943 3642 1085 3696 carnem
1108 3621 1295 3722 &sangui-

213 3749 325 3819 nem.
377 3727 553 3822 Alioquin
571 3748 645 3801 non
668 3723 754 3799 esset
773 3723 880 3797 nobis
903 3721 1038 3795 sortior
1059 3721 1291 3801 adversarius.

228 3828 302 3903 Sed
326 3829 495 3920 quoniam
522 3823 706 3902 adversum
725 3822 976 3919 principatus,
1010 3821 1291 3917 &potestates‚

230 3928 474 4004 &adversum
501 3929 622 4003 rnundi
647 3924 751 4016 hujus
776 3919 934 3994 retlores
965 3923 1220 4016 tenebrarum,
1258 3923 1295 3997 &a

228 4028 413 4104 adversum
432 4029 596 4124 spiritalia
611 4017 777 4117 ne'quitiae
797 4019 847 4097 est
862 4020 1060 4114 lutiamen,
1085 4021 1222 4095 idcirco
1242 4020 1314 4094 di·-

228 4131 279 4204 cit
291 4130 489 4225 Propheta:
517 4132 665 4214 Domine,
689 4122 829 4194 humilia
843 4123 928 4192 milii
935 4122 1089 4214 fortiores
1106 4146 1162 4192 me.
1188 4125 1294 4220 Quo·
1311 4152 1314 4159 ·

1024 4240 1028 4247 ’
1122 4223 1250 4296 modo¹
