3075 4875
436 371 721 498 smum
745 418 814 496 tur
836 414 1136 510 psalmos,
1214 367 1361 512 'm'

254 603 330 678 qua
348 581 475 662 Petrus
489 584 690 676 Paulusque
705 581 919 678 potissimum
937 579 1190 674 constituitur,
1211 581 1318 682 idque

255 683 391 777 ipsum,
418 683 516 776 quod
530 687 566 757 in
586 682 844 758 resurrectione
859 682 1316 780 animaedenuotribuitur,

255 783 368 857 sedin
389 786 512 856 melius
541 781 775 860 conversum:
797 805 872 856 non
899 799 1017 855 temen
1043 782 1166 855 eadem
1182 781 1238 854 est
1258 781 1316 853 illa

256 884 423 971 materia,
445 906 521 975 quae
536 885 683 980 corpori
700 882 1100 979 primuminsrtaluerat.
1127 880 1184 955 Ac
1196 883 1315 974 quem·-

256 983 450 1055 admodum
471 983 603 1076 species
631 982 704 1078 ipsa
723 983 766 1056 ad
784 985 947 1056 ultimum
966 985 1085 1073 usque.
1097 982 1219 1055 eadem
1244 980 1315 1074 ests,

253 1082 319 1156 etfi
332 1084 456 1177 ingens
475 1084 698 1178 propriarum
714 1083 922 1175 formarum,
943 1095 1183 1171 notarumque
1195 1081 1314 1154 videa·
1334 1079 1337 1088 '

253 1194 315 1253 tur
330 1180 398 1254 effe
419 1183 619 1260 diversitas:
644 1186 695 1256 ita
713 1183 804 1258 &iu
826 1203 896 1275 eu,
922 1182 967 1262 de
988 1202 1062 1274 quo
1082 1181 1234 1276 agimus,
1256 1180 1314 1278 itr-
1374 1205 1376 1210 ⁴

253 1282 487 1378 telligendum
511 1282 589 1376 est,
620 1281 829 1378 praesentem
857 1282 1022 1375 corporis
1048 1278 1200 1375 speciem
1221 1301 1313 1378 eatq-

254 1379 336 1454 dem
352 1378 421 1455 elle
436 1403 516 1460 cum
536 1381 676 1458 futura:
704 1404 784 1456 cum
803 1403 849 1456 eo
870 1397 1008 1472 tamen,
1035 1397 1077 1452 ut
1095 1375 1312 1459 incredibilis

251 1480 291 1552 in
312 1482 435 1553 melius
450 1482 491 1554 sit
508 1479 627 1560 futura
643 1483 809 1560 mutatio.
860 1479 1014 1555 Necelle
1031 1474 1082 1553 est
1097 1482 1211 1574 enim,
1234 1475 1312 1557 'ani-

250 1591 347 1653 mam·
370 1563 556 1673 corpdreis
578 1585 615 1657 iu
640 1584 732 1657 locis
757 1581 951 1658 herentem
976 1578 1227 1656 consentaneis
1247 1582 1310 1657 sibi

250 1678 307 1751 uti
329 1680 557 1772 corporibus.
608 1680 730 1774 Atque
744 1695 795 1753 .ut
814 1681 839 1756 st
861 1682 898 1757 iu
922 1682 1127 1773 aquatilium
1146 1695 1310 1764 naturam

239 1780 451 1863 ¹conuersos
475 1782 587 1856 vitam
605 1781 746 1858 inmari
765 1802 840 1858 uos
859 1781 990 1876 degere
1006 1794 1221 1873 oporteret,
1248 1790 1309 1872 'ne-

251 1877 434 1954 celiarium
455 1878 586 1973 foret,
622 1902 691 1958 nos
715 1882 782 1957 alia
803 1901 999 1974 corporum
1025 1875 1307 1980 constitutioneg

249 1975 467 2072 pisciumque
486 1979 612 2074 (mili,
638 1979 717 2073 ‘elie
745 1980 943 2080 preditos:
977 1980 1026 2051 ita
1049 1979 1109 2070 qui
1134 1973 1307 2058 coelo'ru'm'

246 2080 349 2171 regni
365 2075 597 2180 hereditatem
613 2081 741 2158 adituri
760 2075 860 2173 suut,
884 2081 928 2160 'ac
944 2074 1092 2180 divertis
1112 2079 1148 2152 iu
1166 2073 1305 2154 sedlbu's

246 2176 462 2269 habitaturi,
488 2176 655 2274 spiritalia
670 2200 816 2273 quoque
831 2197 988 2272 corpore
999 2179 1154 2254 habeant
1166 2179 1306 2256 necent

246 2277 316 2350 est:
342 2299 419 2349 non
443 2280 540 2369 quod
564 2281 664 2372 prior
684 2280 913 2377 extinguatur
934 2278 1088 2374 speeies,
1108 2279 1306 2374 remetire

243 2374 412 2453 illustrius
436 2379 598 2470 quiddam
618 2381 879 2476 gloriatusque
899 2393 1069 2477 mutetur.
1126 2379 1306 2481 Quemad-

243 2477 393 2554 modum
410 2477 513 2571 Jesu,
530 2502 581 2579 ,ap
595 2482 757 2579 Moysis,
784 2479 1058 2574 &Elia-species
1078 2480 1115 2552 in
1131 2479 1304 2583 transfor·
1353 2510 1356 2515 ·

243 2579 405 2653 macione
429 2598 506 2657 non
532 2579 625 2672 alia,
659 2578 865 2680 quamquae
890 2580 996 2659 initio
1030 2594 1135 2671 erat,
1169 2580 1301 2661 extitit.

242 2675 334 2765 Nop
348 2689 386 2748 te
398 2676 505 2773 igitur
518 2670 703 2773 offendat,
721 2676 754 2757 ‘ll
770 2683 848 2774 quis
865 2672 1011 2772 primam
1025 2676 1302 2783 suplettam'mai

241 2780 369 2850 teriam
390 2796 465 2850 non
482 2779 642 2858 eamdem
665 2794 754 2858 tunc
777 2779 933 2858 futuram
955 2779 1086 2854 dixerit
1102 2794 1117 2868 3·
1150 2792 1300 2855 cum'rlt

238 2877 353 2952 biduo
377 2876 519 2969 quidem
540 2878 657 2977 modo,
676 2879 837 2958 eamdem
851 2880 952 2953 illam
968 2899 1180 2973 permanere
1199 2881 1301 2975 polle

239 2978 337 3050 ratio
356 2977 428 3068 ipsa
451 2977 631 3069 declaret,
656 2976 680 3059 st
702 2980 780 3074 quis
802 2994 968 3055 urentem-
986 2977 1078 3051 velit
1095 2979 1297 3077 adverteret¹

238 3077 560 3161 Animadverlrone
578 3094 751 3171 preterea
764 3079 910 3175 dignum
926 3079 959 3153 dt
977 3077 1064 3167 illud
1082 3077 1152 3152 est.-
1171 3078 1297 3173 ‚diverg

237 3178 313 3249 sum
334 3175 491 3249 seminari
510 3198 670 3276 corpus,
698 3177 947 3270 diversumque
968 3176 1170 3275 resurgere:
1195 3170 1295 3252 Seme*-

234 3272 441 3347 'rurturerar'm
455 3297 562 3373 eorpus
576 3280 736 3366 animale,
762 3280 896 3374 resurget
916 3272 1192 3375 corpaes'fpirr‘rale'.
1225 3272 1295 3357 His·

234 3377 404 3452 'omnibus
425 3377 601 3467 eiusmodi
617 3382 661 3451 ab
679 3377 864 3472 Apostolo
884 3376 1138 3472 subjiciuntur,
1164 3381 1295 3472 quibus

199 3518 203 3526 ·
234 3495 305 3549 nos
321 3488 498 3548 terrenam
520 3480 724 3568 qualitatem
739 3481 787 3553 irc
802 3477 871 3554 else
890 3478 1071 3572 pofituros
1087 3477 1224 3574 'docetq
1250 3493 1293 3555 ut
1326 3506 1329 3511 ’

232 3574 307 3666 ipse
327 3577 364 3647 in
384 3556 641 3652 resurreetione
654 3577 788 3675 species
809 3581 904 3681 salva
924 3580 1134 3674 integraque
1155 3578 1292 3673 perma-

218 3663 330 3749 sneat.
384 3678 450 3746 Hoc
462 3696 566 3749 eutem
580 3683 667 3767 dice,
686 3680 830 3774 fratres,
856 3685 1004 3779 quoniam
1019 3702 1091 3762 caro
1106 3675 1147 3781 (5
1156 3685 1290 3777 languit

234 3799 360 3866 reguum
379 3781 453 3846 ,Dei
471 3798 517 3949 ἔα
540 3784 624 3853 edere
647 3797 831 3875 nequeumt,
864 3804 964 3878 neque
994 3783 1151 3872 corruptio
1185 3786 1289 3861 iocor«.

230 3880 419 3970 ruptionem.
504 3876 544 3950 tii
566 3880 658 3956 enim
676 3868 823 3961 forta'lle
845 3881 1011 3953 eximium
1031 3877 1197 3971 quiddam
1215 3878 1289 3953 san·
1338 3916 1345 3922 ·

160 4026 165 4035 .
231 3974 370 4046 trorum
397 3978 545 4068 corpori
570 3979 914 4072 tribuendum‘erit,
945 3993 987 4050 ut
1012 3979 1048 4052 id
1074 3981 1188 4052 carnis
1213 3976 1289 4072 ipit
1352 4020 1354 4027 ·

229 4075 434 4169 proprietas
452 4073 667 4176 conservet,
693 4099 779 4255 capp
796 4092 917 4157 tameo
935 4082 1083 4176 amplius
1099 4099 1177 4157 non
1185 4080 1288 4248 gis,

797 4204 824 4275 4
