3075 4875
282 458 329 533 1⁶
495 445 529 468 ··
600 449 1004 582 onrosurs
1107 417 1110 427 “

281 615 428 711 Baalim,
455 615 656 710 &quinon
675 634 935 711 curvaverunt,
960 619 998 692 in
1016 615 1173 710 reliquiis
1191 607 1341 693 creden·

284 722 398 809 tium,
425 697 517 789 &in
538 720 765 792 multitudine
787 740 862 790 non
885 719 1105 791 credentium
1127 720 1343 812 interpreta-

201 821 219 884 “,
283 835 354 892 tur.
407 813 453 890 Et
471 820 544 890 hoc
560 820 734 908 ostendit,
762 819 843 909 quia
862 818 932 909 illi,
960 821 1018 907 qui
1032 818 1069 889 in
1086 832 1252 909 tempore
1265 820 1339 891 Sal·
1368 835 1370 848 ·

282 917 422 989 vetoris
437 918 608 991 increduli
621 916 832 991 exstiterunt
847 920 879 990 da
893 919 1004 1009 impii,
1031 939 1144 1013 genua
1159 937 1342 991 curvave-

220 1017 222 1021 ’
282 1030 368 1089 runt
384 1017 528 1109 Baalim,
556 1019 849 1090 &adoraverunt
863 1018 1052 1091 simulacra.
1080 1017 1128 1088 Hi
1144 1037 1251 1109 vero,
1279 995 1342 1108 qui

193 1194 196 1200 ,
284 1117 459 1208 credunt,
492 1116 526 1188 δι
551 1121 699 1211 implent
722 1138 833 1210 opera
858 1114 967 1210 fidei,
993 1140 1067 1188 nou
1092 1131 1341 1212 curvaverunt

282 1234 398 1312 genua
418 1214 561 1291 Baalim.
587 1219 717 1309 Neque
734 1218 828 1292 enim
847 1215 989 1309 usquam
1005 1214 1210 1288 refectorio
1229 1216 1340 1288 histo·
1371 1227 1386 1242 ⁴

282 1316 361 1405 riis,
389 1318 449 1387 vel
468 1316 504 1390 in
519 1320 757 1413 evangelicis,
785 1319 847 1389 vel
860 1318 896 1388 in
909 1309 983 1411 aliis
999 1314 1216 1406 quibuslibet
1233 1307 1341 1409 scrip·

283 1416 399 1507 turis,
424 1418 522 1508 quod
536 1418 659 1509 aliquis
675 1434 837 1509 tempore
852 1414 1048 1487 Salvatoris
1066 1435 1180 1510 genua
1195 1413 1339 1487 flexerit

282 1513 520 1606 fimulachris,
542 1514 600 1588 sed
619 1517 662 1608 de
676 1516 744 1589 illis
763 1516 887 1608 utique
906 1516 979 1587 hoc
997 1515 1150 1605 dicitur,
1177 1518 1236 1604 qui
1255 1536 1340 1607 pec·

285 1614 374 1683 catis
391 1612 458 1685 suis
474 1615 644 1710 adstricti,
670 1619 774 1689 velut
789 1615 983 1720 compediti
1003 1615 1228 1686 tenebantur.
1262 1609 1339 1686 Un-

184 1737 189 1746 ’
286 1711 331 1783 de
351 1713 517 1809 constat,
543 1716 671 1809 quia&
691 1739 782 1808 nos,
809 1717 1104 1805 quotiescumque
1124 1733 1338 1806 peccamus,

287 1831 367 1885 cum
395 1816 529 1907 captivi
549 1817 709 1889 ducimur
726 1818 763 1888 in
783 1818 862 1911 lege
882 1814 1022 1906 peccati
1036 1849 1054 1905 ,ι
1082 1832 1197 1907 genua
1216 1811 1341 1895 nostra

287 1932 476 1987 curvamus
505 1913 646 1988 Baalim.
699 1916 769 1988 Sed
793 1936 869 1988 non
893 1916 930 1986 in
947 1914 1025 1987 ‘hoc
1046 1913 1170 1987 vocati
1198 1911 1339 2003 sumus,

286 2032 355 2084 uec
380 2014 423 2085 ad
442 2016 515 2087 hoc
540 2015 774 2104 credidimus,
799 2029 840 2088 ut
858 2017 988 2087 iterum
1006 2009 1198 2098 serviamus
1213 2034 1349 2109 pecca-s

287 2122 350 2200 to,
377 2112 550 2186 &iterum
571 2136 686 2210 genua
700 2113 880 2188 dedamus
899 2113 1068 2206 diabolO,
1095 2112 1153 2185 sed
1171 2109 1342 2184 utflecla·

228 2283 247 2312 κ
287 2230 364 2282 mus
386 2232 500 2304 genua
519 2215 557 2284 in
576 2216 723 2286 nomine
739 2214 889 2292 Domini
905 2211 1012 2307 Jesu:
1051 2215 1131 2304 quia
1152 2217 1189 2281 iu
1215 2223 1341 2282 uomina

290 2308 371 2404 Jesu
385 2335 470 2381 omna
482 2337 561 2406 genu
577 2311 730 2385 flectitur
746 2314 905 2411 celestium
920 2313 958 2390 (5
974 2314 1163 2409 terrestrium
1179 2310 1218 2406 (5
1235 2311 1341 2404 inser·

283 2432 419 2483 reorum:
446 2410 538 2486 &ut
561 2407 740 2488 dedamus
757 2440 860 2508 genua
882 2416 921 2486 ad
936 2430 1060 2512 patrem
1083 2417 1218 2484 Domini
1241 2412 1341 2511 nostri

283 2502 366 2606 Jesu
383 2512 525 2609 Christi,
552 2538 589 2583 ex
602 2540 661 2611 quo
675 2520 777 2585 omnis
793 2519 975 2610 paternitas
993 2521 1029 2583 in
1050 2515 1119 2584 coelo
1139 2512 1177 2589 (5
1199 2519 1236 2583 in
1251 2533 1340 2585 terra

284 2616 483 2689 nominatur.
534 2613 603 2685 Sed
619 2615 701 2705 quid
716 2615 802 2688 mihi
814 2614 977 2708 prodest,
1003 2615 1026 2687 li
1041 2635 1156 2709 genua
1174 2613 1339 2705 corporis

284 2711 354 2784 mei
365 2713 408 2783 ad
424 2715 626 2787 orationem
642 2715 793 2787 veniens
808 2713 946 2786 flectam
958 2712 1063 2804 Deo,
1090 2713 1247 2808 &genua
1261 2733 1340 2785 cor·

286 2809 339 2881 dis
358 2813 426 2883 mei
443 2812 580 2885 fledlam
598 2814 779 2887 diabolo?
813 2814 849 2884 Si
869 2815 961 2887 enim
978 2835 1053 2886 non
1066 2811 1200 2884 stetero
1217 2809 1340 2886 firmus

285 2908 471 2986 adversum
497 2909 638 2997 astutias
657 2913 813 3005 diaboli,
847 2911 931 2986 flexi
949 2934 1063 3009 genua
1083 2933 1161 2985 mea
1178 2912 1339 2988 diabolo.

283 3004 371 3084 Etsi
389 3034 465 3086 non
480 3012 683 3087 constanter
696 3012 830 3087 stetero
848 3011 1032 3088 adversum
1046 3015 1153 3103 iram,
1180 3008 1265 3089 flexi
1279 3033 1341 3106 ge-

284 3128 356 3182 nua
376 3135 454 3187 mea
472 3113 543 3188 irae.
593 3113 759 3186 Similiter
783 3113 815 3185 δι
835 3113 860 3186 si
879 3135 955 3186 non
977 3111 1180 3185 constanter
1201 3110 1342 3183 libidini
1383 3168 1385 3185 .

259 3298 266 3311 .
284 3206 470 3302 restitero,
496 3205 587 3285 flexi
600 3213 736 3285 labrdrnr
758 3232 873 3308 genua
892 3213 961 3285 mei
978 3204 1109 3286 cordis.
1161 3206 1259 3282 Etin
1276 3211 1343 3283 san·
1366 3232 1368 3237 ·

285 3311 375 3405 gulis
394 3312 612 3402 quibusque,
639 3331 717 3403 quae
729 3302 909 3385 contraria
925 3309 1004 3383 sunt
1024 3310 1130 3401 De0,
1157 3309 1230 3383 hoc
1245 3308 1341 3383 face-

284 3427 325 3482 re
341 3409 513 3498 uidebor,
540 3411 602 3483 nisa
623 3411 829 3484 constanter
849 3411 1044 3484 &fortiter
1062 3406 1217 3500 stetero,
1251 3409 1342 3485 licut

285 3509 321 3581 dc
338 3510 386 3581 illi
402 3508 586 3601 fecerunt,
603 3512 684 3602 quia
699 3514 892 3584 coluerunt
910 3510 1062 3600 Baalim,
1082 3508 1124 3593 ,dt
1143 3509 1355 3605 derelique-¹

283 3622 371 3680 runt
388 3608 504 3683 Deum
519 3625 659 3704 patrum
676 3609 845 3703 suorum,
872 3611 931 3702 qui
947 3609 1070 3683 eduxit
1089 3606 1171 3682 illos
1184 3609 1228 3681 de
1245 3623 1343 3683 terra

284 3706 448 3806 AEgypti.
500 3706 590 3784 Non
609 3712 716 3806 igitur
735 3726 927 3804 putemus,
954 3713 1043 3800 quia.
1059 3708 1220 3782 videmur
1239 3709 1343 3783 limu·
1370 3728 1376 3739 ’

283 3808 380 3883 lacra
395 3829 470 3883 non
489 3813 635 3903 colere,
662 3823 857 3906 propterea
876 3811 952 3882 haec
969 3831 1044 3882 non
1064 3808 1098 3881 ds
1116 3807 1160 3881 ad
1178 3805 1342 3885 nostrum

284 3911 421 4002 aliquos
437 3911 629 4002 pertinere.
663 3910 918 4003 Unusquisque
932 3909 1029 4000 quod
1045 3928 1116 4001 prae
1129 3908 1266 3980 caeteris
1280 3931 1344 4005 co,
1370 3934 1372 3939 ·

282 4009 346 4104 lit,
373 4009 472 4103 quod
489 4010 722 4102 superomnia
739 4011 886 4084 miratur
900 4010 934 4080 δι
947 4009 1081 4105 diligit,
1107 4009 1179 4105 hoc
1192 4008 1224 4078 ei
1240 4006 1361 4084 Deus'
1381 4016 1384 4027 '

284 4108 344 4187 est.
394 4110 560 4206 Denique
576 4109 650 4193 boc
673 4108 750 4194 est,
786 4111 886 4207 quod
902 4122 986 4187 ante
1004 4109 1150 4206 omnia,
1186 4108 1223 4195 dt¹
1238 4100 1385 4221 super]

1173 4226 1294 4284 omma
