3075 4875
227 413 276 503 4⁶
516 397 954 486 -ouruuurs

228 591 314 646 num
330 563 504 642 efficitur.-
537 567 571 643 ἁ
591 567 760 644 tradimur
777 568 883 643 etium
897 587 966 656 nos
984 561 1164 662 inimicis,
1200 585 1281 647 cum

229 668 420 746 deserimur
441 670 600 765 agretia.

147 850 159 874 ἱ
307 792 338 844 2.
365 767 436 841 Sed
449 770 634 843 videamus
640 815 654 852 ,
672 766 757 862 quid
768 766 898 840 accidit
908 766 979 859 eis,
997 766 1056 858 qui
1069 766 1191 839 traditi
1205 766 1296 842 sunt·

229 869 478 966 propeccatis
501 863 581 946 suis.
632 871 680 941 Er
690 869 871 962 fugerunt,
903 867 1036 960 inquit,
1054 867 1125 957 fiiri·
1148 869 1283 957 Israusa

224 969 314 1064 jacie
332 972 474 1039 Madian
482 987 540 1065 per
550 967 640 1066 fipta
653 973 691 1039 in
702 968 874 1056 nroootibur,
902 966 939 1042 U
950 974 986 1035 in
989 966 1168 1062 speluncis,
1195 967 1234 1044 U
1246 970 1295 1040 in·

230 1068 480 1142 munitionibus:
505 1069 544 1145 si
559 1067 782 1157 efficiebatur,¹
798 1063 1047 1158 censeminoffit
1064 1070 1140 1155 vir,
1167 1069 1284 1156 ssroes,

230 1172 437 1260 ascendebant,
457 1173 600 1254 Mation
623 1171 663 1246 U
682 1169 856 1256 munli,
891 1165 930 1243 ὅ
946 1167 1010 1254 filii
1031 1168 1177 1238 Orientis
1191 1168 1285 1264 piper

231 1296 301 1357 eos,
328 1268 365 1346 Θ
378 1270 646 1364 superveniebant
664 1274 731 1357 eis,
758 1264 1068 1345 &exterminabant
1084 1289 1189 1337 omme
1204 1267 1293 1360 frit·-

231 1369 302 1444 fsui
317 1388 428 1453 terra,
453 1393 606 1466 usquequo
620 1374 846 1464 perveniretur
860 1371 897 1436 in
919 1371 1055 1439 Gazam.
1105 1366 1194 1439 Haec
1211 1366 1284 1458 qui·

231 1467 313 1542 dem
328 1467 618 1559 patiemurne,
645 1468 705 1558 qui
719 1479 795 1541 erat
807 1465 998 1539 secundum
1014 1479 1155 1540 carnem
1168 1463 1283 1543 lsrael.

230 1568 433 1640 Seminabat
447 1580 596 1659 terram,
616 1562 675 1639 sed
694 1570 946 1660 quoniumpro
964 1567 1121 1662 peccatis
1135 1562 1204 1636 suis
1217 1580 1284 1639 tra·

232 1669 327 1740 ditus
351 1679 427 1738 erat
443 1665 701 1762 insurgentibus
723 1666 894 1757 inimicis,
930 1684 999 1761 pro
1018 1659 1180 1759 frugibus
1206 1685 1285 1737 cur·

231 1761 439 1858 ruptionem
448 1769 619 1841 metebat.
668 1763 789 1841 Nobis
804 1785 920 1857 vero,
946 1765 1004 1858 qui
1018 1763 1286 1857 secundumspi·
1316 1781 1318 1790 ·

230 1869 339 1940 ritum
360 1862 464 1938 lsrael
486 1865 737 1959 nominamur,
764 1864 849 1958 quid
868 1867 941 1938 tale
964 1863 1125 1936 accidere
1143 1864 1284 1957 potest,

232 1965 504 2041 consideremus.
554 1963 637 2060 Est,
653 1965 796 2057 quando
812 1965 1040 2057 seminamus,
1066 1961 1100 2034 δι
1116 1962 1287 2060 nonlposd

230 2063 312 2141 sunt
326 2065 457 2137 inimici
474 2081 706 2157 corrumpere
717 2064 860 2157 semina,
880 2084 958 2157 quae
975 2061 1197 2154 seminamus,
1211 2069 1286 2138 nou
1317 2087 1320 2092 ·

230 2162 377 2260 possunt
392 2162 466 2256 apri
479 2162 630 2236 insidiari
641 2164 789 2236 culture
797 2161 941 2237 nostrae:
967 2162 1018 2236 est
1031 2176 1164 2251 autem,
1179 2165 1295 2252 quau-⁷

233 2265 283 2337 do
305 2260 538 2354 seminamus,
570 2261 605 2333 u
628 2278 931 2358 corrumpuntur,
966 2282 1043 2354 quae
1066 2259 1286 2337 seminamus.

232 2361 360 2437 Paulus
376 2381 445 2433 nos
462 2358 660 2455 Apostolus
677 2362 721 2437 de
738 2361 807 2438 hac
829 2361 1020 2439 seminandi
1039 2360 1172 2436 doceat
1189 2359 1288 2434 diffe-

231 2462 359 2537 rentia.
410 2459 509 2533 Audi
527 2482 618 2558 ergo
631 2461 724 2557 ipse,
751 2464 834 2556 quid
846 2463 949 2536 dicit:
974 2462 1213 2556 Quiseouinar,
1237 2462 1287 2536 in·

232 2562 331 2653 quit,
357 2565 395 2631 in
409 2584 522 2648 corne,
547 2564 689 2635 decarne
702 2580 799 2635 meret
812 2569 1050 2659 corruptiorem.
1103 2562 1152 2632 Et
1171 2569 1231 2659 qui¹
1239 2566 1289 2651 se·

231 2666 339 2733 minat
353 2665 390 2730 in
406 2661 548 2757 spiritu,
580 2663 616 2733 de
634 2664 754 2758 spirito
779 2679 876 2734 meter
891 2668 997 2734 viram
1016 2677 1178 2732 aternam.
1227 2660 1285 2735 lsti

231 2758 313 2835 sunt
334 2776 448 2856 ergo,
471 2779 624 2852 quorum
647 2761 778 2836 semina
798 2755 1004 2836 Madianitae
1025 2776 1286 2855 corrumpunt,

233 2860 293 2953 qui
310 2860 347 2932 in
366 2880 472 2933 carne
488 2857 670 2937 seminant.
719 2857 884 2955 lstisunt,
913 2882 1065 2954 quorum
1079 2857 1213 2932 frustus
1228 2882 1298 2935 ex·.

231 2962 487 3052 terminantur,
515 2959 725 3051 &pereunu
775 2959 839 3035 llla
856 2974 973 3036 autem
988 2960 1135 3053 semina,
1163 2962 1287 3050 quaeiu

231 3059 354 3153 spiritu
375 3058 614 3143 seminantur,
639 3080 716 3133 non
736 3057 882 3153 possunt
900 3060 1106 3133 Madianitae
1127 3058 1287 3134 corrum-

195 3188 197 3193 ’
231 3179 330 3253 pere.
369 3158 459 3232 Non
475 3158 725 3253 enimposiunt
737 3158 943 3233 adversariae
956 3157 1157 3253 potestates
1172 3158 1289 3233 ascen·

231 3257 319 3331 dere
336 3256 379 3329 ad
393 3257 565 3349 spiritales
585 3276 751 3351 campos,
778 3258 976 3332 &novalia
984 3256 1124 3351 spiritus
1140 3270 1294 3332 temera·

231 3376 273 3430 re
290 3376 437 3449 eorum,
463 3359 522 3448 qui
540 3362 616 3431 tion
633 3356 804 3431 seminant
826 3356 929 3452 super
945 3356 1081 3449 spinas,
1095 3352 1167 3429 sed
1181 3360 1288 3431 inno·

231 3469 322 3528 vent
344 3457 405 3528 sibi
422 3456 589 3531 novalia:
612 3455 671 3531 sed
695 3458 833 3532 &illud
859 3456 1057 3531 addendum
1080 3454 1158 3529 est:
1192 3461 1286 3532 volu

232 3556 327 3630 enim
361 3554 394 3626 bt
418 3553 587 3649 meipsum
611 3558 803 3631 vobiscum
827 3559 960 3652 pariter
983 3576 1218 3632 commonere
1243 3556 1289 3631 de

232 3656 372 3728 cautela
390 3652 580 3746 seminum,
607 3654 867 3750 &spiritalium
890 3653 1067 3729 frubiuum
1091 3655 1285 3752 diligentie.

230 3751 454 3845 Frequenter
474 3755 625 3849 accidit,
652 3770 695 3830 ut
713 3756 838 3846 aliquis
856 3756 893 3828 in
913 3774 1025 3852 opere
1036 3753 1182 3849 spiritali
1200 3752 1288 3830 miil-

226 3864 307 3928 tum
321 3854 506 3946 desudans,
519 3852 654 3928 fruitus
675 3856 950 3948 quemqlurimos
965 3854 1106 3947 fecerit,
1121 3854 1154 3926 δι
1169 3858 1287 3950 reple·

230 3957 329 4026 verit
344 3954 474 4027 horrea
489 3951 551 4027 sua¹
558 3953 700 4047 justitie
715 3952 897 4050 frugibus,
913 3954 1072 4028 &multa
1089 3957 1186 4028 bona
1202 3976 1290 4048 ope·

231 4072 272 4131 ra
293 4054 543 4133 recondiderit
559 4055 598 4130 in
621 4050 848 4136 conscientia
863 4052 932 4132 suae
946 4055 1133 4133 conclavi:
1162 4056 1296 4145 postea
1322 4066 1324 4079 ¹

1145 4173 1238 4230 veru
