3075 4875
441 379 1142 554 sunncri‘in'rsnt'nios.
1249 431 1320 514 sos

232 641 248 653 ,
358 606 451 655 orsu
576 608 593 655 r
1279 588 1294 608 ⁸·

260 579 983 780 {ritorto}assiriis
999 583 1317 764 ,irritor

260 794 323 856 tus
341 783 510 878 dormitio
526 786 615 880 dici,
642 786 832 882 aliquando
851 788 957 861 etiam
972 785 1131 862 somnum
1147 789 1317 881 appellari

261 884 496 962 meminimus.
560 889 744 960 Dormivir·
764 887 881 981 enirn,
905 887 1042 979 inquit,
1073 910 1142 956 cum
1170 888 1317 982 parribus

253 981 341 1076 suis.
368 980 459 1077 Et,
484 986 584 1057 multo
600 1007 723 1083 corporo
735 987 935 1078 somiiorum,
961 992 1017 1086 qui
1029 989 1242 1075 dormierunt,
1269 991 1316 1060 ss·

252 1085 469 1178 surrexerunt
482 1090 519 1154 im
534 1084 681 1176 seruiium
697 1091 894 1184 ciuitatem„
906 1084 945 1164 ὅ
958 1105 1178 1184 apparuerunt
1192 1088 1313 1162 multis.

258 1181 332 1275 Et,
357 1183 528 1272 resurrexit
550 1188 727 1286 CirriJiuso
742 1195 894 1270 mortuis,
919 1191 1068 1282 primitia
1083 1188 1313 1266 dormientium.

256 1276 331 1373 Et,
349 1306 450 1353 ommes
463 1289 657 1360 dormiemus.
684 1286 838 1360 Somnus
852 1285 957 1360 ctiam
973 1287 1190 1382 appellatur,
1206 1307 1314 1382 quan·

255 1379 453 1472 doquidem
464 1383 557 1460 idern
569 1384 619 1460 est
632 1387 802 1478 dormire,
813 1407 854 1459 ac
864 1386 1025 1464 somnum
1037 1406 1175 1479 capere.
1202 1390 1315 1461 Murri

260 1481 299 1554 de
312 1482 384 1569 hir,
410 1489 466 1579 qui
473 1484 755 1583 somnumcapiunt
774 1493 811 1557 im
827 1477 920 1558 rerrae
929 1486 1079 1582 pulvere,
1105 1486 1313 1581 evigilabunt.

258 1579 335 1674 Qui
352 1582 455 1655 locus
474 1583 714 1682 conferendus
730 1585 781 1660 est
796 1607 877 1660 cum
893 1585 954 1669 iis,
980 1605 1057 1677 quae
1069 1583 1158 1659 dina
1171 1584 1252 1661 sunt
1268 1587 1313 1660 de

256 1677 381 1754 saniiis
409 1681 682 1763 dormientibus.
751 1683 883 1758 Praeter
909 1686 1044 1761 exitum
1072 1705 1117 1762 ex
1143 1686 1209 1760 hac
1233 1687 1312 1770 vita

254 1777 428 1876 fignificat
442 1782 547 1856 etiarn
559 1782 700 1860 somnus
717 1800 907 1880 torporem
922 1785 1070 1876 animae,
1098 1803 1178 1857 cum
1197 1796 1310 1861 atten-

252 1879 313 1953 tio
331 1877 514 1975 vigilantia
532 1882 679 1959 dicatur.
726 1886 870 1960 Volane
885 1884 978 1959 enim
999 1903 1068 1956 nos
1086 1882 1227 1959 divinus
1244 1882 1313 1957 ser·

256 1998 321 2054 mo
345 2000 364 2052 a
387 1993 541 2075 torpore
565 2002 688 2058 arcere
709 1983 782 2060 ait:
820 1986 939 2060 Nedes
954 1986 1048 2053 oeulis
1070 1987 1137 2054 tuis
1146 1982 1310 2072 firmarum,

255 2075 300 2156 U.
316 2077 471 2177 palpebris
491 2085 557 2152 ruis
579 2086 852 2173 dormitationem,
879 2098 1087 2184 utrumquem
1108 2082 1232 2153 damma
1249 2084 1312 2167 ser·

254 2185 346 2250 veris
365 2179 542 2275 eloquiis,
569 2180 608 2259 U
629 2198 783 2283 tamquam
802 2187 874 2256 avis
893 2210 913 2254 o
931 2177 1006 2255 rere.
1058 2179 1107 2254 Et
1120 2177 1309 2256 ostendere

255 2279 389 2353 volens
411 2277 593 2373 Propheta
614 2294 803 2378 torporem
821 2282 855 2358 ἀ
873 2280 1056 2382 segnitiem
1073 2296 1308 2376 peccatorum

256 2379 328 2452 ait:
354 2381 839 2474 Dormierumtsommumsuum,
865 2385 903 2463 U
916 2383 1006 2455 mihil
1023 2378 1234 2455 invenerunt.
1259 2377 1310 2457 Et

207 2490 213 2500 '
254 2476 363 2573 illud,
389 2482 491 2575 Surge
503 2486 559 2579 qui
573 2485 705 2571 dormis,
731 2484 770 2563 (Ἰ
787 2509 900 2578 exurge
913 2511 934 2555 a
949 2489 1109 2566 mortuis,
1139 2480 1177 2559 U
1194 2482 1311 2570 iiuces·

254 2592 304 2653 ser
335 2579 395 2651 sibi
416 2581 579 2679 christu.
629 2584 726 2659 Huic
752 2584 900 2677 somno,
934 2583 994 2675 qui
1019 2581 1106 2656 nihii
1132 2582 1226 2655 aliud
1258 2576 1310 2654 est

252 2697 358 2773 quam
370 2690 523 2775 torpor,
549 2684 710 2781 analogia
722 2684 871 2776 quadam
887 2681 1080 2777 respondet
1098 2680 1308 2755 dormitatio

245 2777 397 2873 animm,
423 2801 526 2871 quam
550 2783 928 2876 prohibetsalomon,
957 2780 1092 2858 docens
1116 2776 1309 2873 nonsum-

242 2896 339 2955 ‘num
360 2870 473 2954 solum
498 2882 690 2956 arcendum
711 2880 780 2956 effe
796 2883 840 2954 ab
856 2882 998 2972 oculis,
1023 2878 1204 2953 sedetiam
1224 2875 1308 2950 dor·

243 2974 487 3056 mirationem.
540 2982 639 3080 Quin
666 2977 893 3077 &psalmista
916 2980 953 3051 in
976 2978 1195 3071 vituperium
1217 2974 1311 3051 ucci-
1335 3074 1337 3078 Ι
1382 2995 1393 3023 ,-

249 3076 354 3173 piens
368 3076 633 3155 dormitationis
647 3083 810 3173 nomen,
830 3080 897 3152 ait:
930 3080 1323 3179 Dormimvsrumomosr
1358 3101 1362 3109 ·

273 3180 307 3246 ui
322 3177 528 3267 ascenderunt
550 3204 652 3279 equos.
703 3179 867 3255 Dicimus
889 3198 976 3274 ergo
997 3172 1222 3250 Salvatorem
1238 3186 1306 3247 no·

301 3296 360 3350 um
375 3276 492 3372 Jesum
515 3277 711 3370 Christum,
738 3277 882 3373 quando
902 3296 1129 3373 communem
1148 3282 1306 3350 mortem

246 3396 318 3472 pro
334 3376 440 3451 nobis
455 3375 637 3465 sustinuit,
664 3393 752 3452 tunc
769 3375 964 3460 dormiisse,
989 3376 1195 3471 soporatum
1207 3378 1305 3447 ver‘o

236 3473 370 3569 ,fuiffm
396 3497 477 3550 cum
491 3477 604 3553 anima
621 3478 696 3571 ejus
710 3500 729 3551 a
742 3498 901 3571 corpore
916 3473 1073 3573 separata
1083 3473 1144 3549 est.
1173 3476 1306 3571 Quern-

247 3573 441 3651 udmodum
464 3575 578 3669 enim,
605 3578 665 3670 qui
686 3575 849 3653 somnum
862 3576 1038 3668 capiunt,
1061 3576 1206 3667 iacente
1225 3590 1306 3645 cor·

245 3694 341 3771 pore
364 3688 560 3766 operantur
576 3674 768 3750 secundum
786 3690 966 3769 mentem,
992 3672 1303 3771 imaginationibus

249 3773 461 3869 quibusdam
478 3774 745 3850 occursantibus
760 3773 969 3867 obsequuti,
996 3772 1154 3869 &agunt
1173 3770 1305 3863 aliquid

246 3876 385 3965 absque
402 3874 479 3946 ulio
502 3875 667 3967 corporis
684 3872 877 3949 ministerio
887 3927 903 3969 ,Ι
928 3892 1000 3964 qno
1022 3893 1099 3946 non
1115 3870 1303 3968 indigent,

221 3970 317 4066 =fic‚
344 3972 430 4045 licet
449 3972 486 4046 in
510 3975 674 4049 omnibus
697 3994 775 4047 non
793 3972 909 4046 similis
930 3972 972 4044 fit
990 3973 1107 4068 imago
1122 3970 1176 4064 ei,
1202 3969 1303 4059 cujus

242 4070 301 4149 cst
316 4071 457 4170 imago,
481 4084 727 4152 verumtamen
739 4070 1046 4247 upsrne'corporc
1063 4067 1199 4163 anima,
1208 4070 1304 4240 aiptio

341 4214 345 4219 ·
386 4190 391 4199 “
827 4191 847 4268 3
