3075 4875
293 443 313 508 .“
392 419 1090 521 sssrsscrnnu'rsntmot
1192 451 1264 531 305

204 590 412 670 &totidem
428 598 605 674 malorum
623 598 662 670 in
686 595 867 692 scripturis
889 595 1039 691 reperiri
1059 591 1158 688 porse
1175 593 1267 672 affir-

202 708 327 776 mant,
353 693 664 790 consequensest‚
687 696 852 790 justosin
869 697 1029 793 plurimis
1043 694 1179 790 semper
1192 717 1266 772 mr-
1377 743 1380 749 ·

202 795 248 876 lis
261 791 351 884 elie,
370 815 453 868 cum
467 815 555 868 vcra
569 795 612 868 fit
626 797 819 890 prophetia
834 797 929 889 hec,
946 815 1026 889 quoe
1038 795 1143 870 dicit:
1170 796 1266 870 Mul·

202 911 247 966 τι
258 895 404 989 angustia
416 903 578 989 jupam.
627 895 762 988 Neque
775 916 867 970 vero
884 893 1174 991 intempestivum
1187 893 1266 971 fue·

201 997 333 1086 ritca,
359 1013 437 1085 que
450 993 523 1088 Job
538 993 767 1089 ecciderunt,
791 997 830 1070 io
852 1013 980 1070 eorum
994 1014 1174 1070 revocare
1192 1017 1266 1072 me·

201 1097 380 1183 moriam,
407 1096 468 1184 qui
490 1115 532 1167 eu
547 1095 639 1170 mela
658 1092 729 1170 effe
746 1108 897 1189 putant:
924 1107 966 1168 ut
979 1093 1167 1189 postquam
1187 1100 1264 1170 ior·
1361 1101 1363 1106 ’

203 1191 333 1268 tiffime¹
350 1193 555 1286 perfundor
577 1193 628 1268 est
646 1195 716 1280 iis,
749 1216 828 1288 que
851 1193 1124 1270 circumstabant
1150 1209 1267 1270 certa·
1323 1263 1326 1268 .

202 1292 389 1385 minibus,
423 1291 468 1366 de
488 1291 565 1386 ipso
582 1293 674 1368 liber
692 1295 760 1368 uit:
796 1296 852 1368 Ao
866 1310 961 1392 puras
980 1297 1079 1366 aliam
1093 1294 1127 1366 ui
1142 1297 1267 1386 σακία

201 1417 252 1463 me
264 1409 361 1462 rerum
378 1390 432 1482 effe
443 1395 640 1482 collocutum,
666 1395 725 1488 nifi
738 1409 777 1465 ur
786 1395 889 1492 Julius
903 1389 1092 1491 appareres?
1114 1393 1151 1468 Si
1169 1399 1266 1473 enim
1381 1391 1385 1406 ⁸

201 1511 284 1568 non
306 1491 408 1564 aliter
430 1491 502 1586 Job
520 1508 669 1586 apparet
680 1493 815 1587 justus,
841 1515 946 1586 quem
967 1493 1067 1586 quod
1090 1494 1128 1570 hi
1150 1493 1265 1572 &iile

204 1612 290 1665 eum
310 1589 408 1664 caiiu
425 1591 755 1688 circumvenerint,
780 1593 969 1686 quomodo
988 1614 1085 1668 nunc
1102 1613 1266 1668 vocave-

202 1693 343 1781 rimus,
373 1711 451 1781 que
465 1688 577 1766 cause
592 1689 760 1785 fuerunt,
788 1713 852 1766 cur
866 1690 1001 1786 justitia
1022 1692 1127 1788 ipsius
1146 1695 1269 1768 eluce-

201 1789 330 1864 cereti
357 1785 416 1862 Ex
427 1793 481 1864 hir
501 1792 607 1866 etiem
620 1793 792 1890 colligere
810 1793 918 1884 iicet,
944 1813 1062 1884 neque
1081 1791 1267 1870 diabolum

205 1887 647 1966 uirosanuomdumeffe.
671 1891 1035 1990 Jobigiturdiaboiur
1045 1892 1267 1970 malumnon

204 2003 299 2064 crat:
313 1993 405 2084 Qum
413 1993 613 2082 diligentibus
624 1995 730 2064 Deum
741 1997 849 2064 omnia
859 1998 897 2064 in
906 1991 1019 2064 domm
1028 1993 1267 2065 versamini-

195 2091 296 2189 ]irot,
310 2094 367 2182 iir,
379 2097 437 2186 qui
450 2099 546 2184 juxta
558 2093 741 2188 propofitum
750 2096 857 2164 vermi
867 2094 955 2180 [ent.
981 2089 1158 2166 Praeterea
1171 2090 1267 2165 dier>

202 2210 299 2280 mus,
307 2185 473 2264 nonsatis
487 2208 672 2292 apparere,
685 2189 816 2284 iustum
824 2210 945 2266 earum
954 2187 1037 2264 fore
1045 2189 1266 2266 benediiiio·
1301 2275 1308 2294 Ι

204 2309 294 2365 num
312 2288 545 2382 participem,
571 2311 649 2383 quae
669 2291 707 2364 in
730 2289 913 2386 scripturis
934 2287 1057 2384 posrtae
1077 2290 1175 2364 bona
1192 2291 1269 2364 exi·

203 2389 408 2473 stimrntur:
433 2390 553 2465 multe
570 2389 702 2484 quippe
716 2390 763 2466 de
778 2393 862 2465 viro
878 2392 945 2465 illo.
960 2383 1081 2465 santio
1095 2389 1268 2487 historie,

204 2488 233 2563 sr
268 2488 542 2585 expendentur,
575 2489 674 2565 istam
709 2491 1047 2585 interpretationem
1081 2491 1267 2569 refellunt.

208 2589 302 2683 Quis
311 2587 417 2680 enim,
429 2587 682 2665 foeneretorem
690 2588 845 2666 sonitum
861 2588 944 2684 effe,
964 2588 1268 2683 sanmexistimet

210 2690 271 2780 qui
286 2689 406 2762 multis
426 2689 592 2785 gentibus
610 2691 745 2765 mensus
762 2689 801 2765 in
823 2690 974 2765 civitate
993 2689 1152 2784 operiat,
1178 2690 1211 2761 dr
1228 2691 1268 2762 in

206 2788 331 2862 dendo
344 2786 379 2860 dt
394 2787 605 2882 accipiendo
623 2803 848 2884 occupetur,
871 2788 977 2863 &rer
994 2788 1127 2864 vetitas
1140 2784 1270 2861 famati
1325 2854 1328 2861 .

209 2891 379 2963 Pecuniam
396 2894 481 2963 oiim
496 2887 591 2979 suam
609 2912 677 2961 uon
697 2891 784 2963 dedr't
794 2889 940 2981 terrori,
966 2884 1006 2963 (Ὺ
1024 2911 1157 2960 murteta
1174 2888 1270 2982 supet

207 2993 396 3061 innocenter
409 3012 479 3063 nou
491 2993 627 3085 accepit:
653 2984 693 3075 (ΞΤ
709 2994 769 3088 qui
781 2984 867 3080 facit
885 2988 969 3073 hac,
994 3010 1061 3057 non
1071 2985 1270 3087 commodi

208 3105 269 3164 rur
290 3093 328 3162 iu
352 3103 515 3162 nemum.
564 3084 615 3161 Et
627 3088 665 3163 in
680 3084 898 3164 Ezechiele:
931 3085 1071 3161 Sanum
1091 3084 1207 3179 soeruri
1227 3082 1270 3163 θ’

207 3186 296 3267 lucro
307 3195 470 3286 purnium
491 3213 558 3261 oon
577 3194 750 3287 occupauit.
815 3184 885 3261 sed
910 3186 1091 3263 &febrim
1116 3202 1270 3280 propter

210 3301 362 3386 peccate
379 3289 563 3383 accidere,
587 3308 697 3365 nemo
713 3286 776 3363 nisr
787 3287 987 3363 edmodum
1004 3286 1101 3360 rudis
1121 3286 1154 3361 dr
1173 3288 1271 3383 igne·

206 3409 272 3461 ros
288 3386 563 3482 existimaverit,
587 3408 669 3479 cum
688 3389 793 3482 hujus
817 3388 934 3463 morbi
958 3384 1070 3460 cause
1087 3383 1178 3479 saepe
1198 3407 1271 3459 me·

208 3486 348 3566 nifeiiae
368 3487 457 3564 sint:
487 3501 549 3563 aut
569 3491 664 3587 enirn
685 3503 837 3585 propter
858 3486 1107 3561 continentem
1130 3505 1270 3567 rorem,

212 3589 277 3663 vel
294 3602 447 3684 propter
469 3590 558 3662 tiles
576 3606 716 3681 aques3·
732 3590 793 3661 uei
812 3600 966 3680 propter
986 3587 1070 3659 talia
1087 3584 1269 3661 alimenta:

212 3688 271 3782 dr,
298 3686 322 3763 sr
341 3686 441 3781 iustis
461 3686 589 3763 sunites
612 3687 646 3763 dr
669 3687 805 3764 divitie
826 3688 969 3780 praemir
987 3701 1270 3779 proponuntur,

210 3788 392 3865 neminem
415 3789 619 3882 improbum
645 3784 767 3863 sanum
792 3798 854 3861 aut
870 3786 1019 3861 divitem
1035 3783 1105 3859 erre
1121 3798 1271 3878 oporte-

209 3889 286 3964 bat.
337 3887 408 3962 Sed
436 3885 564 3963 seniter
587 3885 683 3963 redia
709 3885 816 3962 animi
844 3883 1055 3961 constitutio
1082 3882 1271 3975 querenda

210 3987 282 4065 est:
306 3987 442 4061 divitie
462 4006 584 4081 vero,
609 4008 688 4081 que
703 3987 906 4063 salomonis
923 3983 1097 4061 sententia
1114 3981 1272 4077 pretium

210 4089 337 4163 animae
357 4087 426 4160 viri
440 4086 520 4169 sunt
534 4089 735 4182 remim,
758 4087 899 4182 inquit,
922 4088 1038 4161 anima
1059 4091 1130 4155 vin·
1144 4084 1271 4153 divitie

261 4192 424 4287 origeni(¹
437 4191 526 4267 ‘sont
555 4188 639 4267 VII·
849 4182 889 4261 U
1118 4182 1233 4280 ipim·
