3075 4875
388 468 767 548 stertere-IN
791 471 1093 572 PSALMOS.
1204 495 1276 569 405
1310 563 1341 596 ,x

211 632 315 720 cuitu
327 632 688 725 eipetabernacolum
705 635 780 727 ejus
799 635 870 727 est,
896 649 1092 729 propterea
1109 637 1278 730 tenebro-

213 732 250 805 sa
269 731 358 824 aqua
376 733 412 806 in
427 736 581 806 nubibus
596 737 708 826 aeris,
735 735 809 807 hoc
823 735 874 808 est
890 736 926 808 in
943 734 1146 827 Prophetis.
1173 742 1277 807 Man·
1308 744 1313 760 '

211 835 424 916 dala-enim,
450 835 587 924 inquit,
614 836 767 921 nuliius,
802 851 929 904 utnon
953 837 1073 929 pluant
1092 836 1188 928 super
1209 837 1276 920 isos

209 936 375 1028 pluviam,
402 930 441 1006 (5
456 938 518 1002 erit
533 934 663 1025 fames,
690 959 756 1004 non
773 936 877 1028 famer
890 940 1007 1031 panis,
1027 936 1081 1022 sed
1095 933 1199 1027 fames
1219 958 1276 1005 au·

208 1025 318 1118 dandi
334 1032 461 1101 verium
486 1035 627 1122 Domini.
678 1033 714 1106 Si
733 1033 835 1128 Deusv
855 1033 975 1106 noster
1000 1035 1062 1106 lux
1084 1033 1156 1122 est,
1185 1054 1275 1123 quo·

210 1130 324 1218 modo
345 1131 503 1204 tenebris
530 1131 768 1212 occultatur?
796 1131 967 1206 Existimo
992 1134 1090 1204 illum
1114 1132 1273 1230 tenebris

209 1231 410 1322 occultari,
436 1221 928 1326 quemadmodumid,quod
941 1230 1192 1328 cognoscitur,
1212 1251 1273 1304 oc·
1385 1301 1387 1306 ,

211 1331 369 1400 cultatur
391 1331 617 1425 ignorantia,
646 1353 722 1423 quae
743 1332 787 1402 ad
808 1330 1107 1426 cognoscentem,
1134 1351 1213 1432 non
1228 1330 1274 1404 ad
1307 1331 1309 1336 ’

210 1429 270 1518 id,
297 1429 395 1518 quod
411 1427 662 1526 cognoscitur,
678 1431 846 1527 pertinet.
873 1425 1273 1530 Tabernaculinomine

208 1547 353 1610 carnem
368 1530 547 1620 vocavit,
570 1531 617 1624 in¹
629 1552 697 1621 qua
715 1528 872 1602 Christus
891 1530 1043 1604 sedebat.
1098 1529 1271 1626 Praeterea

208 1628 477 1712 tabernaculum
512 1628 641 1700 dicitur
662 1645 815 1737 propter
851 1629 1102 1721 temporariam
1134 1629 1208 1721 ejus
1233 1629 1271 1702 in

207 1746 315 1799 carne
341 1725 645 1818 dispensationem.
712 1730 780 1823 Etfi
804 1728 928 1821 enim,
953 1729 1098 1819 inquit,
1132 1732 1271 1820 cognovi-

208 1851 276 1896 mus
296 1826 453 1921 Christum
470 1827 637 1915 secundum
661 1853 804 1913 carnem,
827 1829 879 1917 sed
899 1854 984 1897 num
995 1833 1064 1924 jam
1083 1852 1147 1896 non
1175 1831 1270 1896 novi·
1296 1869 1310 1892 κ.

206 1950 289 1998 mus.
340 1927 415 1998 Vel
432 1926 531 1999 sorte
547 1929 814 2000 tabernaculum
830 1949 961 2020 corpus
980 1927 1193 2019 appellavit.
1219 1927 1268 1998 ob

206 2025 369 2114 vineam,
398 2045 500 2115 quam
525 2027 569 2099 de
593 2025 757 2121 AEgypto
779 2023 980 2118 transtulit,
1006 2040 1048 2096 ut
1073 2025 1269 2098 custodiret

204 2127 323 2215 illam,
350 2124 468 2196 donec
488 2126 531 2198 ad
551 2128 791 2200 maturitatem
807 2129 1016 2219 perveniret
1030 2145 1213 2215 racemus,
1234 2119 1269 2210 δι
1364 2193 1367 2206 ,

203 2245 252 2300 ne
278 2226 532 2300 exterminaret
546 2247 631 2298 cam
655 2246 740 2320 aper
764 2226 808 2298 de
833 2226 929 2300 silva.
980 2222 1102 2296 Potest
1122 2213 1292 2315 quoque'

204 2325 473 2416 tabernaculum
490 2325 608 2410 dicere
625 2346 839 2420 corpoream
852 2339 1027 2418 naturam,
1040 2324 1075 2394 in
1087 2345 1153 2416 qua
1164 2323 1265 2408 Deus
1365 2355 1371 2386 ι

203 2443 270 2518 per
303 2411 452 2496 verbum
486 2423 725 2518 conspicitur,
751 2425 921 2515 srquidem
947 2445 992 2501 ex
1024 2438 1265 2496 creaturarum

203 2523 443 2615 pulcritudine
465 2540 607 2598 creator
625 2522 857 2621 ¹agnoscitur,
884 2522 917 2597 δι
938 2542 1004 2617 per
1023 2545 1089 2616 ea,
1116 2544 1193 2614 quae
1214 2520 1266 2595 sa·

193 2620 259 2695 cta
280 2620 378 2713 sunt,
406 2623 604 2697 intellectus
620 2625 849 2718 conspicitur.
988 2628 991 2635 '
1027 2692 1029 2697 .

254 2792 257 2797 ,
283 2723 428 2819 Errmssr
438 2727 574 2816 sagmas
589 2727 680 2806 suas,
705 2724 742 2798 (ὅ
759 2720 923 2819 dffpavit
942 2744 1006 2793 eost
1029 2719 1160 2814 fulgura
1181 2718 1266 2805 ntul-

200 2821 399 2914 tiplicoolt,
432 2822 468 2895 d)
491 2822 698 2919 conturbavit
720 2847 780 2894 eor.
848 2822 897 2891 Et
920 2837 1137 2916 apparuerunt
1153 2818 1264 2909 sontes

201 2942 378 3015 aquarum,
406 2918 444 2994 d
460 2922 687 3006 revelatasunr
695 2921 911 3011 fundamenta
926 2924 1007 2989 orbis
1025 2934 1204 2992 terrarum:
1223 2918 1263 3017 ab

191 3024 413 3112 ‚increpatum
431 3035 486 3088 lua
508 3024 661 3095 Domine,
684 3019 724 3087 ab
745 3019 952 3115 inspiratione
958 3020 1094 3114 spiritus
1109 3022 1164 3088 ἕνα
1182 3034 1262 3100 luae,
1300 3080 1303 3085 ,

199 3114 287 3211 δι]
316 3116 448 3205 Omnia
467 3117 530 3195 ista
542 3119 713 3191 terribilia
727 3115 807 3190 sunt
828 3121 877 3191 ob
894 3120 1010 3209 hocce
1027 3119 1175 3191 bonum.
1203 3117 1261 3209 ln·

200 3232 326 3308 crepat
343 3221 466 3313 igitur,
495 3212 692 3311 &inspirat
713 3218 774 3289 irae
797 3214 982 3310 spiritum,
1009 3232 1050 3289 ut
1069 3212 1262 3310 appareant

197 3319 321 3393 fontes
339 3339 526 3409 aquarum,
554 3318 811 3390 &revelentur
822 3314 1055 3395 fundamenta
1070 3312 1260 3403 orbis't'er'·

197 3438 328 3491 rarum.
380 3415 416 3489 Si
443 3419 580 3491 bonum
608 3417 658 3491 est
692 3436 863 3509 apparere
896 3415 1105 3491 &revelari
1136 3414 1259 3489 fontes
1322 3490 1326 3502 „

197 3512 400 3609 aquarum,
430 3518 555 3608 quibus
576 3516 737 3609 praesrdet
760 3517 812 3606 is,
839 3518 897 3607 qui
924 3516 1038 3589 dixit:
1065 3518 1125 3587 Me
1146 3512 1258 3603 dereli-

163 3702 168 3718 .
197 3616 309 3714 quillis
328 3618 452 3705 fontem
468 3642 556 3712 aqua
577 3623 680 3703 viva,
706 3615 832 3704 utique
855 3616 959 3689 etiam
981 3615 1117 3703 bonum
1136 3612 1257 3689 estre-

196 3716 312 3787 velari
327 3716 558 3789 fundamenta
575 3717 672 3789 orbis
689 3727 883 3806 terrarum,
910 3727 951 3786 ut
968 3708 1080 3785 sanda
1096 3710 1255 3786 Trinitas

196 3815 462 3906 conspiciatur,
494 3836 570 3905 quae
589 3813 739 3907 imperat
761 3813 943 3887 creaturis.
967 3880 969 3886 ,
997 3812 1197 3908 Quomodo
1215 3812 1255 3883 il·

196 3916 251 4005 la,
281 3934 356 4001 quae
381 3915 456 3985 baec
483 3914 640 4006 faciunt,
672 3912 807 3985 tametsi
834 3911 1017 3985 horribilia
1040 3912 1253 4002 videantur,

186 4012 361 4097 ‚accusare
379 4012 469 4104 juste
491 4015 567 4105 quis
594 4011 724 4107 polilt?
752 4012 985 4107 grandinem,
1018 4006 1253 4111 inquam&

198 4115 373 4188 carbones
390 4114 499 4209 ignis,
527 4110 726 4282 &sagittag
740 4110 774 4183 oz
793 4109 954 4211 fulgura,
980 4108 1015 4183 dt
1036 4106 1253 4202 increpatio·

571 4232 582 4245 ·
740 4229 807 4304 cg
1140 4224 1216 4301 met
