3075 4875
205 361 208 366 ’
332 382 1087 542 Asrrrcrnrnpsnrnos.
1201 385 1380 516 ab·

206 577 335 673 sanna,
361 575 776 669 caeterisquenirtutibus
790 574 958 672 similiter.
984 574 1043 649 Sic
1059 571 1267 673 artemonis

209 676 440 768 mirificatum
462 680 644 771 propriam
657 674 834 748 crubescit
844 673 1108 776 infirmitatem,
1134 681 1269 774 quippe

172 839 176 844 .
211 781 274 874 qui
286 778 435 853 multum
449 799 468 849 a
482 775 550 849 Dei
564 773 777 850 fortitudine
789 773 904 854 abella
918 771 953 849 se
970 771 1108 852 sentiat.
1129 777 1274 856 Verum

213 878 390 971 ejusmodi
401 872 624 949 infirmitates
639 875 677 946 in
693 873 793 968 ipsis,
820 874 940 947 donec
953 896 1012 948 eas
1030 880 1268 976 agnoverint,
1342 919 1345 926 ·

211 989 395 1054 manentes
416 978 491 1048 cito
512 975 667 1067 abeunt,
700 987 898 1067 propterea,
915 975 1013 1068 quod
1035 976 1107 1047 viri
1124 973 1229 1052 santii
1247 1000 1269 1054 a

211 1074 354 1150 Christo
373 1075 649 1168 confortentur,
676 1072 858 1147 dicenter:
874 1076 926 1147 ln
950 1077 1012 1147 Deo
1021 1074 1180 1169 stamus
1197 1083 1268 1150 vir·

207 1194 320 1257 entem.
567 1225 573 1246 r
839 1237 848 1257 s

276 1280 356 1351 Non
369 1272 544 1369 congregabo
556 1271 774 1345 cmmtuub
786 1275 890 1344 eorem
909 1272 945 1345 de
962 1272 1185 1370 sanguinibus,
1209 1279 1280 1350 ‘nec'

207 1399 385 1448 memorent
403 1377 563 1446 neminum
579 1388 684 1444 eorum
699 1372 953 1470 polabiam,
969 1372 1048 1469 bn]
1076 1375 1268 1454 Manifeste

207 1478 285 1551 haec
301 1471 387 1548 dicit
398 1472 621 1569 praestantior
631 1473 765 1564 multis,
773 1494 843 1547 nec
853 1473 955 1568 alius,
974 1496 1077 1567 qnam
1092 1475 1266 1573 Christus,

208 1577 270 1668 qui
288 1596 367 1650 cum
391 1586 606 1673 congregat,
632 1590 708 1647 non
729 1587 924 1669 congregat
945 1576 1204 1650 conventicula
1221 1575 1302 1672 de'¹

207 1673 456 1771 linguinibum
482 1694 551 1746 nec
566 1692 704 1745 memor
722 1670 773 1745 est
789 1672 975 1746 nominum
996 1674 1111 1746 adhuc
1129 1697 1174 1748 ex
1190 1673 1268 1752 san-
1380 1713 1382 1717 ·

160 1789 161 1792 ‘
206 1776 383 1872 guinibus.
430 1758 506 1846 Vel
521 1772 587 1845 fic:
613 1771 703 1846 Non
719 1772 1017 1862 quemadmodum
1030 1772 1266 1871 GraeciGrJu·
1371 1841 1375 1854 .

206 1874 293 1967 dai,
320 1874 369 1946 ita
388 1893 455 1969 ego
471 1874 593 1946 libabo
611 1871 778 1945 libamina
793 1872 839 1946 de
855 1869 1158 1968 sanguinibus.8ic
1171 1877 1266 1951 enim

160 2045 164 2053 s
204 1975 295 2048 alius
308 1975 484 2066 interpres
499 1972 626 2043 habet:
654 1975 734 2043 Non
747 1972 848 2042 libabo
858 1971 1013 2048 libamine
1028 1996 1130 2043 eorum
1141 1975 1176 2045 de
1182 1977 1264 2061 san-

201 2077 375 2168 guinibm,
402 2070 460 2144 sed
477 2069 577 2144 noua
594 2069 729 2143 t'radam
745 2070 911 2164 mysteria
928 2072 1094 2145 omnibus
1113 2070 1279 2162 &faena

207 2170 329 2247 finium
345 2174 590 2263 incruentum,
610 2191 728 2264 neque
740 2184 867 2254 vetera
881 2172 1025 2246 illorum
1038 2173 1184 2247 nomina
1193 2195 1267 2249 me·
1357 2221 1388 2269 g

206 2276 372 2349 m‘orabo.
423 2270 649 2345 Dicebantur
670 2271 763 2344 onim
788 2271 966 2365 prophani
984 2270 1017 2345 ἀ
1033 2272 1265 2370 idolothyta,

207 2371 267 2446 sed
284 2370 451 2468 efficiam,
478 2382 519 2444 ut
538 2370 682 2445 audiant
696 2371 745 2466 pii
761 2391 803 2444 ac
822 2368 939 2445 santii.
989 2371 1061 2446 Vel
1080 2372 1146 2446 fic:
1171 2372 1265 2450 Nou

207 2470 367 2546 absolute
391 2473 500 2566 dicit,
534 2466 571 2545 se
590 2492 667 2548 non
687 2484 988 2569 congregaturum
1007 2473 1275 2557 conventicula

208 2592 357 2665 eorum,
383 2572 725 2667 seddesanguinibus‚
751 2591 870 2664 neque
883 2572 1045 2646 absolute
1057 2572 1126 2667 ait,
1152 2570 1267 2648 seno-

204 2672 338 2746 minum
354 2693 479 2747 eorum
491 2692 568 2745 non
580 2691 779 2747 memorem
795 2669 898 2762 fore,
924 2668 982 2744 sed
992 2672 1155 2767 perlabier.
1174 2672 1265 2747 For·

174 2854 182 2861 ,
203 2785 244 2844 te
260 2773 389 2866 igitur,
403 2773 485 2862 quia
498 2769 577 2845 sunt
588 2771 774 2851 nonnulli,
791 2771 850 2860 qui
865 2776 1086 2865 congregant
1101 2790 1264 2846 conven·
1355 2828 1357 2832 -

201 2859 315 2942 t'icnla
328 2866 569 2966 (insanguine,
595 2865 919 2960 quemeffundunt‚
946 2870 1170 2944 vulnerando
1183 2873 1295 2969 coss

204 2984 299 3061 quos
318 2983 560 3066 congregant,
586 2966 658 3060 ipse
671 2967 849 3058 locande,
863 2980 924 3039 aut
936 2970 1057 3060 potins
1076 2967 1279 3049 vivifican·

202 3068 255 3142 do
277 3081 528 3159 convocatos,
555 3087 630 3140 non
649 3063 951 3160 exsanguinibus,
973 3065 1031 3139 sed
1053 3088 1098 3140 ex
1120 3071 1279 3144 immor·'
1387 3157 1389 3161 ¹

199 3168 341 3243 tilitate
354 3168 437 3240 illos
455 3177 673 3340 congregat,
693 3186 833 3239 mernor
845 3167 1030 3239 nominum
1047 3185 1172 3244 eorum
1186 3191 1265 3248 non
1326 3190 1330 3197 ’

198 3265 517 3364 ¹superficietenus,
538 3266 583 3340 ed
596 3265 725 3340 intimo
741 3263 890 3357 affectu,
916 3270 1263 3367 nequeprolatione,

198 3364 262 3443 sed
278 3366 462 3461 profundo
477 3366 670 3441 intellectu.
706 3366 779 3438 Vel
793 3366 857 3441 src:
883 3365 987 3438 Licet
1002 3366 1102 3439 multi
1118 3369 1276 3445 intense·-¹

200 3464 248 3541 eti
263 3466 398 3540 fuerint
410 3465 529 3556 sancti,
540 3479 789 3563 verumtamen
804 3485 881 3540 nun
895 3465 932 3538 in
946 3466 1076 3540 horum
1091 3467 1264 3566 sanguini·

200 3564 352 3660 bns‚·sed
363 3588 439 3641 uno
448 3565 575 3642 Christi
584 3568 665 3664 agni
680 3565 846 3662 sangnine
859 3581 971 3638 coetus
986 3584 1261 3666 congregantur.

279 3670 437 3739 Dominus
454 3688 528 3764 pars
549 3669 748 3738 hereditatis
768 3693 839 3745 mea
858 3667 897 3741 (5
917 3667 1023 3735 calicis
1035 3674 1115 3738 mei:
1147 3660 1197 3743 'fit
1216 3696 1260 3760 es,

199 3773 258 3866 qui
272 3770 410 3858 restitues
424 3769 637 3839 hereditatem
648 3792 746 3839 meam
758 3770 853 3855 milri,
864 3760 949 3859 iit]
989 3766 1186 3844 Haereditas
1200 3790 1260 3843 na·
1277 3774 1279 3781 ’

197 3882 291 3942 turae
310 3869 454 3941 ratione
477 3868 612 3941 utentia
636 3863 686 3941 est
705 3868 971 3959 proteritorum
998 3865 1032 3939 ἁ
1057 3868 1260 3944 futurorum

195 3964 407 4047 soculorum
433 3967 713 4061 contemplatio,
740 3958 925 4040 lrbndnas
948 3987 1041 4039 vero
1062 3967 1189 4041 Christi
1210 3964 1280 4043 esti

198 4069 365 4168 cognitio
381 4064 464 4144 Dei.
490 4067 576 4145 Hoc
588 4067 675 4143 dicit
690 4065 848 4143 Christus
863 4063 1276 4166 ut·summuasacerdos‚·

887 4186 889 4193 ’
1096 4192 1098 4197 ’
1151 4189 1212 4241 cu.
1270 4226 1272 4230 Α
