3075 4875
308 375 315 544 '-
404 424 1096 511 suntcrarrtrrsutmos.
1146 402 1150 412 '
1207 434 1286 520 185.

234 532 244 562 s
451 552 453 555 Α

218 588 306 668 filio
324 593 542 685 pelleretur,
584 590 723 665 muficis
749 591 910 663 cantibus
938 587 1104 665 vacasset.
1169 586 1279 666 Certe

216 694 352 766 rationi
373 690 572 800 consonum
595 688 674 781 est,
706 689 848 783 ipsum,
883 691 964 762 dum
991 691 1082 763 hanc
1105 686 1279 783 supplica·
1359 675 1377 734 ³

217 796 360 864 tionem
383 792 426 863 ad
447 791 565 862 Deum
593 790 804 883 emitteret,
839 811 918 862 cum
948 789 1095 880 quadam
1124 790 1279 888 melodia

217 893 377 983 tempori
404 890 673 962 accommodata
699 911 774 961 eam
796 888 974 962 obtulisse,
1031 891 1277 985 Quamobrem

220 992 367 1065 Matidia
384 990 418 1061 dt·
436 993 605 1059 Canticum
615 989 739 1078 reliqui
755 988 792 1060 in
807 990 936 1062 horum
955 988 1186 1081 inscriptione
1198 1004 1280 1061 ver·

219 1098 366 1164 terune
410 1088 648 1183 Similiterque
673 1088 718 1160 de
744 1089 907 1180 ceteris,
934 1089 1061 1179 quibus
1085 1087 1206 1160 eadem
1226 1090 1280 1160 in·

218 1189 369 1280 scriptio
411 1185 633 1283 prefigitur,
673 1188 813 1282 cogites
856 1203 1018 1280 oportet.
1081 1189 1284 1285 Quotquot

219 1290 320 1362 hunc
341 1290 483 1358 titulum
499 1288 652 1379 habent,
678 1290 714 1355 iu
730 1289 878 1380 hymnis,
905 1286 1056 1380 Aquila,
1083 1288 1281 1383 iupsaimi13

218 1389 455 1479 Symmachus
477 1406 569 1458 vero
588 1390 644 1481 'per
665 1384 849 1481 psalterium
872 1385 1071 1479 inscripsrt3
1103 1390 1153 1460 ita
1172 1400 1214 1457 ut
1231 1383 1281 1458 se·

222 1486 379 1560 cundum
409 1505 535 1558 eorum
558 1488 919 1576 interpretationem,
955 1486 991 1557 hi
1013 1485 1078 1558 soli
1097 1506 1160 1579 per
1180 1485 1281 1559 must·

222 1606 306 1658 cum
333 1582 600 1668 instrumentum
629 1607 709 1658 cum
740 1584 989 1657 modulatione
1024 1585 1105 1658 dicii
1136 1584 1283 1658 fuerint.

219 1684 274 1759 Et
294 1683 433 1777 quidem
453 1707 473 1755 e
494 1705 534 1756 re
557 1683 658 1756 fuisse
683 1684 827 1757 videtur
842 1677 867 1776 ,'
881 1686 1086 1774 ut'quartus
1105 1682 1282 1775 psalmus,

222 1781 408 1877 iniquitis
430 1780 641 1877 inscriptus,
673 1804 738 1875 per
759 1783 1028 1872 instrumentum
1048 1781 1203 1876 pulsatus
1226 1782 1282 1856 sit.
1334 1870 1336 1874 Ι

223 1882 527 1978 Quandoquidem
554 1884 646 1955 enim
670 1883 797 1954 tertius
819 1884 968 1974 psalmus
991 1881 1175 1954 aDavide
1197 1901 1283 1973 pro·
1370 1913 1374 1920 ·

221 1984 317 2055 latus
337 1983 472 2072 fuerat,
500 1984 642 2072 quando
659 1983 751 2077 fugit
769 1982 892 2053 aiacis
908 1980 1111 2053 Abessalom
1126 1979 1190 2055 filii
1209 1978 1284 2067 suiq

222 2085 357 2155 merito
373 2096 537 2171 quartos,
566 2083 622 2172 qui
644 2082 846 2175 triumphos
868 2081 1014 2155 exhibet
1031 2082 1158 2173 hujus,
1183 2078 1284 2170 quod

224 2196 356 2251 contra
372 2177 481 2252 filium
495 2197 593 2271 erat,
620 2181 726 2271 belli,
747 2184 893 2265 induem
908 2180 1137 2271 pantardum
1152 2181 1283 2273 hymnis

222 2279 412 2371 inscriptus
432 2278 492 2352 est.
539 2280 628 2352 Ideo
648 2279 853 2374 Symmachus
872 2282 964 2353 illius
981 2284 1093 2383 loeo,
1118 2282 1285 2373 iufioem,

223 2379 417 2476 triumphale
431 2378 561 2467 vertit3
589 2382 719 2470 Aquila
729 2377 995 2473 verumetiam,
1021 2377 1144 2456 edidit.
1178 2378 1286 2452 Hanc

222 2500 319 2550 vero
341 2500 359 2550 a
384 2479 490 2550 uobis
519 2479 684 2551 traditam
707 2482 883 2554 rationem
902 2478 1067 2570 servant,
1096 2501 1173 2571 quae
1194 2497 1284 2550 mox

223 2577 420 2669 sequuntur
442 2580 579 2650 verba:
611 2582 688 2650 cum
712 2586 909 2666 invocarem,
936 2582 1107 2650 exaudivit
1126 2604 1173 2649 me
1196 2583 1285 2649 nem

215 2678 353 2776 justitia
370 2703 460 2763 mea,
488 2676 676 2753 &catera
727 2678 1067 2774 Congruensigitur
1081 2691 1180 2769 erat,
1206 2677 1285 2748 haec

225 2776 319 2867 quast
334 2778 368 2848 in
385 2777 594 2867 triumphis,
621 2777 730 2870 &per
744 2779 873 2852 musica
887 2778 1119 2850 instrumenta
1136 2777 1284 2850 cantari.

223 2876 375 2948 Tettius
390 2897 481 2946 veto
498 2874 647 2966 psalmus
663 2898 763 2970 non,
791 2885 827 2945 in
837 2879 961 2966 finem,
985 2858 1172 2968 inscriptus
1191 2888 1287 2946 erat:
1324 2882 1326 2885 ’

224 2977 388 3049 nondum
413 2976 506 3046 enim
530 2975 728 3066 triumphus
758 2970 908 3058 aderat,
939 2998 1056 3066 neque
1075 2973 1157 3067 post
1175 2972 1287 3047 finem
1332 3030 1335 3038 .

177 3157 179 3161 ,
223 3076 311 3152 belli
331 3073 441 3146 didius
458 3074 586 3147 fuerat.
636 3073 742 3167 Circa
757 3074 894 3148 sextum
911 3094 1004 3147 vero
1022 3073 1189 3168 psalmum
1206 3092 1286 3165 per-

225 3174 361 3272 pendas
382 3175 521 3261 velim,
554 3194 599 3244 ne
625 3173 748 3265 sorte,
784 3176 864 3266 quia
891 3173 972 3267 post
996 3175 1136 3268 priores
1164 3171 1286 3268 psalmi
1371 3234 1377 3250 s

204 3271 350 3344 'versus
372 3272 467 3343 circa
487 3269 592 3344 linem
612 3272 658 3344 fic
678 3272 813 3346 insert:
843 3266 984 3345 Audiuit
1007 3277 1165 3345 Dominus
1181 3294 1288 3342 varam
1346 3298 1349 3303 ·

217 3374 321 3470 fletur
337 3378 419 3444 mei:
445 3374 609 3442 exaudivit
632 3376 785 3443 Dominus
805 3374 1046 3467 deprecationem
1068 3388 1192 3455 meam,
1220 3377 1286 3441 Do·
1323 3400 1328 3411 ’

194 3528 198 3535 ,
227 3480 335 3540 minus
351 3477 520 3541 orationem
537 3497 633 3542 meam
648 3476 797 3565 (ufiepit,
824 3475 956 3545 merito
973 3456 1095 3565 &ipse
1108 3473 1289 3565 triumpiaoss
1306 3497 1313 3516 ’
1371 3560 1373 3571 Ι

227 3575 269 3653 iis
288 3573 321 3642 dc
338 3593 393 3666 per
407 3573 617 3665 psalteriumt
645 3573 737 3666 apud
762 3570 982 3666 septuaginta
1000 3570 1092 3644 vero
1113 3577 1150 3640 im
1162 3573 1285 3662 finem,

229 3672 265 3743 d>
283 3669 320 3738 ia
344 3673 469 3763 iurnmis
495 3669 682 3761 inscriptus
706 3671 761 3743 stt.
810 3671 889 3743 Imo
915 3672 1020 3743 etiam
1045 3669 1288 3764 quinquagesr-
1373 3689 1378 3703 ¹

226 3791 305 3846 mus
328 3771 481 3859 tertius,
516 3785 598 3841 ante
619 3783 807 3862 peccatum
825 3771 861 3841 in
882 3769 1007 3842 Uriam
1026 3792 1045 3841 a
1068 3769 1214 3841 Davide
1238 3768 1289 3863 di·

224 3871 324 3957 cius,
350 3890 430 3941 cum
452 3869 618 3941 venirent
639 3870 792 3960 Ziphaei,
820 3868 1031 3942 &dicerent
1051 3866 1166 3941 Sauli:
1194 3870 1289 3940 Νοη.
1318 3923 1321 3933 ,
1359 3886 1370 3900 ’

225 3995 269 4040 ve
293 3995 353 4038 ecee
379 3971 491 4039 David
510 3969 706 4056 alfioadiius
721 3969 760 4054 eli
781 3969 863 4061 apud
891 3993 974 4051 nos,
1001 3965 1290 4057 quandoquidem

221 4061 482 4143 'calumniantes
503 4089 584 4142 eum
607 4067 699 4163 apud
692 4067 863 4239 MSaulm
882 4068 969 4141 nihil
989 4081 1216 4162 potuerapt;
1252 4070 1297 4166 io⁴

762 4187 785 4258 ς
1067 4191 1069 4194 ·
1107 4167 1240 4259 liquuit
1277 4165 1283 4186 ⁶
