3075 4875
168 465 171 470 ·
267 549 270 553 ,
375 377 1078 578 'sument-lnnsmnns.
1189 463 1264 582 ³⁶⁹
1339 547 1345 572 Ι

202 609 335 708 dentes
354 614 435 691 sunt
454 637 476 692 a
495 614 639 688 ratione
659 614 782 716 alienat
796 612 1037 714 cogitationes
1052 613 1160 694 nobis
1174 639 1265 715 prae·

203 733 264 798 ter
282 730 443 792 naturam
471 716 727 810 advenientes,
759 716 887 808 quibua
908 714 1032 792 hostes
1053 716 1166 796 nostri
1186 734 1266 798 tan-

204 831 310 913 quam
331 817 497 891 dentibus
518 811 758 909 saepenumero
774 830 919 911 utentes
937 816 1115 892 accedunt
1135 817 1178 892 nd
1201 820 1265 896 de-

203 917 411 992 vorandum
430 935 553 989 carnea
570 911 729 1007 nostras,
754 913 829 988 hoc
845 913 916 1009 est,
941 937 984 990 ea
1000 935 1079 1010 quoe
1091 936 1138 992 ex
1152 935 1265 1001 came

201 1020 397 1114 pullulant:
424 1014 601 1112 Manifesta
611 1016 808 1108 autemstmt
825 1036 915 1111 opera
934 1021 1062 1097 carnis,
1087 1030 1130 1093 ut
1147 1019 1197 1093 uit
1209 1020 1263 1096 di-

202 1137 275 1191 vus
296 1114 511 1209 Apostolus.
704 1111 713 1148 ’·
1242 1183 1260 1202 ,.

279 1221 415 1290 Domini
433 1217 472 1312 eft
493 1212 601 1303 salus,
627 1208 668 1289 (5
687 1211 782 1310 stupet
797 1214 945 1311 populum
976 1229 1070 1292 tum
1090 1214 1291 1292 mouille·

203 1332 286 1409 tua,
312 1312 397 1411 ma]
425 1314 499 1413 Qui
516 1310 632 1386 credit
645 1311 794 1388 Domini
812 1311 881 1388 effe
894 1311 1063 1410 salutem,
1088 1315 1265 1396 &Deum

202 1414 366 1493 nostrum
392 1412 461 1488 esse
484 1410 603 1487 Deum
631 1410 752 1486 salvos
782 1409 962 1510 faciendi,
994 1413 1146 1510 Domini
1166 1417 1265 1500 enim

203 1516 286 1591 sunt
306 1516 423 1588 exitus
437 1513 592 1606 mortis,
616 1510 647 1584 is
663 1512 772 1585 novit
791 1514 918 1608 etiam,
943 1513 1029 1608 quid
1044 1515 1087 1590 fit
1102 1511 1265 1594 confide·

202 1635 246 1689 re
261 1615 299 1688 in
313 1610 395 1687 filiis
410 1612 615 1704 hominum,
642 1613 679 1684 in
698 1611 825 1702 quibus
842 1633 919 1686 non
939 1611 991 1688 est
1010 1611 1114 1694 salus.
1162 1618 1266 1716 Quin

203 1714 258 1790 est
281 1712 383 1807 supet
402 1712 576 1805 populum
590 1711 666 1802 ejus
688 1707 898 1790 benediilio'
914 1712 1010 1808 ejtu,
1036 1734 1114 1807 quae
1127 1713 1264 1812 spiritu:
1321 1753 1325 1760 ⁴

200 1813 245 1891 lis
262 1812 364 1889 estin
382 1810 636 1885 coelestibusin
654 1805 810 1887 Christo.
1354 1807 1356 1816 '

486 2083 863 2226 P'SALMUS
914 2140 1061 2228 IV.

200 2317 264 2495 In
273 2315 375 2407 finem
396 2318 434 2385 in
452 2311 582 2411 psalmis
602 2315 760 2384 canticum
781 2291 914 2400 Dauid,
937 2312 1023 2406 Ua]
1046 2311 1138 2393 Cum
1157 2295 1267 2410 multi

263 2412 383 2509 psalmi
399 2411 589 2490 seeundum
603 2410 825 2511 septuaginta
844 2411 1082 2491 inscribantur
1095 2423 1135 2491 in
1145 2421 1264 2512 finon,

200 2514 393 2591 secundum
417 2516 507 2587 alios
532 2532 651 2587 autem
672 2504 816 2589 titulum
831 2514 987 2589 habeant
1005 2515 1090 2589 huic
1110 2523 1148 2591 in
1157 2516 1264 2612 finem

199 2613 422 2713 inscriptioni
443 2612 741 2697 consentaneum,
774 2633 894 2707 operae
913 2616 1069 2708 pretium
1092 2614 1164 2712 est,
1187 2638 1262 2713 pro
1385 2692 1388 2699 ,

200 2714 338 2798 viribus
353 2713 567 2809 investigare
583 2712 687 2805 liujus
699 2708 862 2786 dimonis
875 2711 1018 2789 sensum.
1070 2714 1277 2796 Sciendum

200 2812 276 2908 est,
300 2827 344 2907 ut
355 2817 440 2888 artis
455 2813 646 2905 cujuslibet
661 2822 768 2903 atque
781 2808 936 2886 scientiae
951 2810 1182 2905 quidaiitfinia
1195 2816 1264 2913 est,
1370 2875 1373 2881 .

202 2934 310 3009 quem
326 2913 545 3002 intenditis,
571 2910 631 3002 qui
651 2923 763 2983 artem
779 2912 841 2984 vel
856 2908 1034 2987 scientiam
1052 2912 1144 2989 serio
1159 2936 1265 2990 exer.

203 3010 294 3107 cet3
332 3012 379 3087 fic
403 3014 509 3086 etiam
526 3023 661 3083 naturae
684 3011 867 3084 rationalis
888 3005 995 3084 linem
1018 3014 1170 3105 aliquem
1193 3013 1278 3105 esse
1385 3066 1387 3072 -

201 3127 391 3208 oportere.
441 3112 513 3185 Hic
531 3123 649 3189 autem
667 3105 719 3181 est
736 3107 914 3184 vivificari
928 3112 966 3185 in
982 3108 1123 3187 Christo
1140 3111 1265 3190 seeun-

202 3212 289 3289 dum
301 3200 528 3306 Apostolum.
579 3207 826 3283 Existimamus
839 3211 980 3304 itaque,
1003 3208 1176 3308 psalmon,
1201 3215 1266 3308 qui
1388 3300 1390 3305 ,

201 3317 244 3397 in
254 3315 359 3405 finem
379 3308 641 3401 inscribuntur,
667 3305 801 3382 sensum
822 3310 1009 3402 quemdam
1032 3310 1114 3386 finis
1133 3333 1207 3408 prae
1227 3312 1266 3391 se

201 3406 323 3504 ferre,
357 3410 393 3485 &
418 3412 462 3484 ad
481 3410 580 3485 illum
602 3406 710 3483 finem
735 3429 832 3501 eos,
861 3413 921 3502 qui
932 3455 946 3494 ,
972 3413 1264 3509 qumdlcuntur,

198 3506 425 3607 intelligunt,
452 3510 651 3595 cohortari.
689 3504 802 3583 Omni
816 3525 934 3584 autem
950 3508 1197 3589 cenanti-finis
1211 3513 1265 3593 est

200 3609 365 3707 viiluna.
418 3611 564 3709 Quare,
591 3629 694 3701 cum,
719 3620 761 3680 ut
787 3621 891 3683 antea
920 3608 1160 3708 ostendimus,
1185 3614 1265 3689 Da-
1367 3699 1371 3707 ,

201 3711 269 3795 nid
292 3710 431 3784 dicatur
450 3707 630 3801 Christus,
656 3705 799 3802 psalmi,
826 3708 884 3800 qui
902 3715 940 3779 in
950 3710 1193 3800 finem'David
1210 3715 1265 3789 iu·
1328 3710 1333 3719 ’

201 3806 325 3904 scripti
342 3807 450 3901 sunt,
474 3802 584 3881 finem
608 3803 847 3886 &victoriam
868 3812 1088 3884 annunciant
1110 3811 1238 3887 Christi

202 3930 312 4004 quem
333 3909 435 4002 juxta
455 3905 620 3998 Aquilam
642 3907 892 3980 dicere-liceat
910 3908 1097 3986 vitiorem.
1148 3865 1263 4007 Omni¹

202 4010 301 4084 enim
325 4007 423 4080 vitlo
450 4005 635 4080 vitioriam
665 4007 815 4097 tribuit,
851 4008 1138 4098 quandoquidem
1167 4013 1260 4103 quis·

204 4111 283 4215 quis
301 4104 474 4186 aChristo
489 4105 671 4208 vincitur,
696 4105 917 4191 accidentem
928 4107 992 4185 fibi
1003 4107 1169 4187 malitiam
1182 4111 1261 4188 vin·

258 4275 261 4280 ,
280 4242 298 4259 1-
1146 4209 1233 4302 en,
