3075 4875
732 460 1303 550 SELECTA
1352 453 2126 538 I'N-PSALMOS.
2343 481 2480 555 315

355 642 513 703 tum
548 624 649 700 sui
696 626 961 721 ipfius,
1014 640 1167 700 tum
1220 638 1693 714 ceterorum,
1749 643 1904 712 quae
1937 619 2062 696 sub
2095 619 2328 696 sensus
2373 631 2486 695 ca·-

354 733 599 816 dunt,
672 725 893 802 visum
944 727 1471 821 praebeat.s1c
1502 725 1706 798 Deus
1745 726 2020 796 virtute
2051 722 2352 815 quadam
2398 723 2487 796 ad

350 830 793 925 singulorum
824 839 1137 902 mentem
1164 825 1644 919 perveniens,
1697 824 1923 898 modo
1955 823 2038 897 lit
2063 824 2496 896 nullatenus·

358 945 761 1042 cooperta,
811 949 1045 1020 neque
1074 929 1158 1000 ab
1192 923 1558 1000 affectibus
1583 924 2169 1018 impedimentum
2193 923 2486 1014 aliquod

357 1031 721 1126 patiatur,
774 1029 1153 1120 quominus
1194 1039 1407 1100 acute
1446 1032 1743 1120 cernat,
1795 1021 2055 1111 efficit,
2107 1037 2191 1095 ut
2232 1023 2296 1095 ἀ
2341 1021 2490 1115 ipse

358 1129 849 1246 intelligatur,
904 1128 972 1202 &
1016 1127 1101 1200 ad
1152 1127 1287 1200 alia
1340 1145 1630 1218 quoque
1662 1177 1687 1216 ,
1741 1145 1894 1240 quae
1929 1122 2050 1196 sub
2094 1124 2490 1219 intelligen-

361 1233 539 1304 tiam
588 1227 913 1321 cadunt,
964 1225 1426 1322 intelligenda
1463 1226 1842 1341 perveniat
1873 1225 1991 1317 is,
2043 1225 2245 1315 cujus
2295 1245 2490 1296 men·

360 1344 513 1404 tem
560 1327 1044 1402 illustraverit.
1148 1327 1348 1400 Nihil
1403 1326 1654 1399 mirum
1704 1323 2110 1417 autem,s1
2155 1323 2488 1398 nonnulli
2548 1354 2552 1362 ·

364 1432 440 1505 in
472 1429 745 1500 artibus
770 1443 893 1500 aut
924 1426 1232 1501 scientiis
1259 1425 1674 1518 quibusdam
1709 1423 2147 1518 perspicaces
2169 1475 2194 1516 ,
2252 1428 2368 1496 vel
2404 1424 2492 1500 ad

366 1529 863 1626 percipiendas
898 1527 1232 1618 quasdam
1274 1527 1589 1600 morales
1632 1523 1700 1597 ἀ
1742 1522 2136 1597 dialefficas
2169 1523 2494 1616 quaestio·

364 1650 499 1704 nes
549 1627 906 1702 acutiffimi
942 1630 1282 1723 ignorant
1314 1625 1578 1700 Deum.
1681 1625 1964 1699 Horum
1995 1625 2184 1698 enim
2214 1627 2491 1698 intelle·

366 1729 559 1803 §turn
611 1727 899 1802 similem
950 1725 1089 1801 esse
1130 1726 1425 1802 dicimus
1476 1727 1742 1818 ocu10,
1797 1724 1916 1816 qui
1961 1723 2316 1814 quidlibet
2349 1747 2492 1806 ma·

370 1832 477 1926 gis
511 1830 835 1901 intuetur
880 1848 1088 1919 quam
1122 1825 1388 1918 solem,
1433 1825 1501 1899 &
1538 1845 1901 1916 nunquam
1938 1825 2022 1898 ad
2059 1825 2298 1897 radios
2337 1826 2492 1915 eius

369 1927 880 2024 percipiendos
918 1927 1271 2003 attolitur.
1375 1924 2002 2043 Quemadmodum
2031 1925 2218 1998 enim
2251 1923 2496 1998 solaris

370 2051 447 2102 ra
456 2030 611 2099 lius
647 2029 799 2120 ejus
836 2029 1117 2101 vultum
1164 2027 1501 2122 attingit,
1559 2027 1679 2118 qui
1712 2023 1936 2140 ipsum
1977 2021 2307 2118 respicit,
2359 2045 2502 2098 nec

374 2129 703 2221 postibile
746 2125 889 2222 est,
938 2126 1105 2201 solis
1146 2125 1287 2200 effe
1318 2139 1734 2242 expertem,
1790 2126 1909 2217 qui
1941 2124 2026 2197 ad
2075 2123 2298 2219 ipsum
2331 2123 2493 2218 stat,

372 2230 474 2300 ita
508 2227 1005 2324 cogitandum,
1059 2226 1200 2300 Dei
1239 2227 1535 2300 omnino
1567 2223 1706 2299 esse
1731 2226 2193 2319 participem,
2249 2228 2366 2317 qui
2399 2227 2496 2298 di-

376 2329 531 2400 vini
564 2329 769 2401 verbi
812 2329 1045 2425 legem
1091 2327 1473 2402 meditatus
1517 2326 1738 2399 fuerit
1766 2379 1791 2420 ,
1847 2326 1914 2401 &
1956 2340 2267 2401 mentem
2307 2324 2498 2402 suam

375 2429 469 2503 ad
488 2428 722 2502 Deum
752 2425 1336 2525 cognoscendum
1366 2425 1763 2503 tradiderit.
1865 2427 2135 2526 Quod,
2189 2426 2501 2524 opinor,

374 2530 738 2605 hocloco
782 2526 1126 2626 fignificat
1174 2528 1581 2623 Propheta,
1635 2548 1798 2602 cum
1845 2529 1987 2601 ait:
2039 2530 2382 2622 Signatum
2424 2530 2501 2611 ea

365 2634 567 2725 super
594 2652 705 2701 nos
736 2629 945 2701 lumen
970 2632 1201 2701 vultus
1240 2639 1343 2699 rui
1387 2634 1684 2701 Domine.
1779 2626 2072 2718 Signum
2114 2630 2346 2719 enirn,
2397 2631 2500 2701 in.

376 2731 575 2823 quit,
627 2730 953 2823 luminis,
1008 2730 1202 2822 quod
1236 2731 1310 2803 in
1346 2732 1558 2803 vultu
1581 2744 1714 2800 tuo
1745 2726 2196 2818 resplendet,
2249 2727 2334 2801 ad
2362 2734 2502 2802 nos'

376 2830 859 2947 perveniens,
910 2826 1549 2921 nobisimprefl'um
1577 2825 1720 2919 est,
1773 2826 2234 2920 &ipsummet
2263 2828 2505 2900 lumen

378 2931 630 3003 vultus
667 2932 774 3003 tui
811 2929 907 3003 fic
932 2926 1331 3023 expressum
1364 2926 1509 3019 est,
1561 2940 1683 3016 ut,
1720 2928 1838 3017 qui
1874 2926 2126 3001 videre
2157 2926 2396 3022 potest
2426 2925 2506 3001 fi·

381 3050 601 3128 gnum
634 3030 859 3103 divini
900 3029 1225 3123 luminis,
1280 3028 1477 3120 quod
1515 3027 1860 3125 signatum
1899 3024 2043 3121 est,
2095 3028 2243 3103 hoc
2284 3022 2508 3121 ipsum

381 3130 616 3205 statim
653 3130 1061 3245 intelligat
1041 3151 1117 3203 m
1156 3130 1371 3203 nobis
1416 3126 1676 3203 saecum
1731 3124 1894 3204 effe.
2001 3080 2346 3202 Arbitror
2384 3148 2510 3201 ve·

383 3252 535 3318 ro,
598 3231 811 3305 etiam
864 3230 1011 3304 hoc
1052 3249 1388 3304 arcanum
1440 3229 1519 3303 in
1563 3226 1834 3303 Exodo
1883 3230 2279 3327 declarari,
2346 3247 2510 3302 cum

382 3283 669 3423 Mo'yfis
719 3350 881 3405 cum
926 3329 1092 3404 Deo
1136 3329 1580 3407 familiariter
1625 3329 2114 3443 colloquentis
2149 3329 2372 3404 facies
2408 3328 2510 3403 ita'

387 3428 792 3527 glorificata
837 3428 990 3523 est,
1053 3446 1137 3505 ut
1170 3452 1325 3505 non
1377 3426 1661 3524 pollent
1701 3426 1858 3504 filii
1868 3428 2076 3506 Israel
2127 3429 2508 3504 intendere
2626 3501 2630 3506 .

387 3535 463 3604 in
512 3530 811 3625 gloriam
843 3531 1040 3623 eius,
1092 3531 1158 3604 δι
1182 3531 1462 3604 idcirco
1494 3528 1844 3624 assumpto
1875 3532 2232 3605 velamine
2265 3530 2508 3605 servus

386 3629 537 3705 Dei
564 3628 961 3705 sermonem
1002 3631 1089 3707 ad
1122 3633 1476 3725 populum
1506 3628 1860 3706 habuerit
1960 3628 2080 3703 Sic
2104 3628 2513 3733 muhani-

388 3755 550 3824 ma,
604 3752 761 3825 quae
800 3746 963 3804 tota
1004 3730 1173 3806 Deo
1218 3729 1491 3807 addie‘ta
1520 3729 1664 3825 est,
1720 3733 1784 3805 Q
1818 3722 1929 3805 ad*
1980 3769 2289 3795 a
2354 3780 2358 3788 ι
2430 3789 2432 3795 ,
2522 3772 2533 3789 ·

390 3833 721 4006 pRnimis
768 3831 1089 3927 ignotam
1131 3832 1473 3925 acceffit,
1544 3830 1616 3905 di
1716 3849 1928 3957 'is-*2³⁴
1965 3870 2067 3937 12,

392 3957 431 4005 e
536 3931 939 4025 particeps,
988 3933 1385 4008 multorum
1428 3929 1757 4042 captum

394 4030 1804 4229 'Qfflfflpsmdpssffliz‘ss

1108 4184 1139 4231 ²
1451 4214 1457 4219 -
1636 4178 1660 4210 ι
1730 4199 1737 4203 ·
1780 4164 1796 4194 “
1879 4221 1904 4230 ἢ
