3075 4875
367 350 371 358 .
438 352 441 362 ,
486 357 505 402 ᾖ
1253 343 1265 382 ,

435 459 523 539 1
551 411 1074 558 ''lanaeumuom
1100 457 1144 535 11.
1249 480 1318 553 105
1387 504 1392 553 3

256 615 307 705 ὅ
319 619 434 719 soiius
452 624 492 716 oti
516 640 627 696 contro
647 639 702 712 tr,
728 621 767 701 (5
785 571 869 718 snit
885 613 982 694 alium
993 623 1076 720 fibi,
1093 622 1177 720 ficut
1199 558 1322 695 locrius

257 728 300 825 esi
328 732 366 795 in
398 750 495 795 manu
525 747 603 797 mea.
657 727 703 796 Er
734 726 890 813 alteruter
916 750 1041 817 regnum
1065 725 1101 793 de
1126 748 1222 795 manu
1249 742 1316 800 tun
1373 800 1376 809 ,

256 825 493 912 Daemonium
510 822 554 895 de
580 821 773 908 israelitico
798 845 911 918 regno
938 824 1164 897 vaticinatur.
1208 825 1339 921 Quid,

258 925 425 1014 adhaec,
461 923 521 1015 qui
549 926 770 997 contrarium
794 922 978 996 afferunt?
1003 922 1173 1013 Videtis,
1205 923 1318 1011 quod-

257 1045 341 1097 nam
369 1036 549 1095 certamen
569 1022 611 1095 fit
636 1024 672 1094 in
697 1024 817 1096 verbis
840 1024 1013 1113 Domini,
1047 1044 1124 1113 quae
1151 1022 1320 1101 auditori·
1351 1031 1353 1035 ’

256 1125 324 1196 bus
344 1121 534 1217 indigent,
563 1121 622 1211 qui
640 1144 764 1218 magna
783 1124 816 1194 ἃ
835 1120 1025 1194 ineffabilia
1043 1122 1172 1213 poffint
1191 1121 1322 1194 intelli·

229 1265 232 1270 ·
258 1243 345 1318 gere
373 1221 417 1292 de
443 1221 541 1293 exitu
563 1225 614 1292 'ex
639 1221 706 1294 hac
733 1223 830 1313 vita,
859 1242 940 1295 cum
971 1222 1084 1314 prima
1109 1222 1146 1293 in
1173 1220 1319 1293 dubium

257 1333 607 1413 controvertantur,
635 1320 837 1393 &secunda
851 1317 1033 1399 manifesta
1048 1341 1124 1392 non
1138 1320 1216 1393 sint.
1250 1318 1320 1393 Sed

256 1419 377 1493 sermo
402 1418 516 1490 adhuc
541 1420 577 1490 in
601 1419 762 1500 examine
787 1418 847 1492 est.
899 1420 997 1491 Dico
1019 1440 1141 1512 vero,
1166 1419 1348 1491 nocella·-

257 1522 347 1591 riam
379 1516 448 1589 effe
470 1517 504 1591 δι
524 1517 729 1633 historiam?
749 1519 797 1591 ἁ
817 1517 909 1590 illius
931 1540 1078 1591 examen
1090 1530 1197 1610 ‚jut‚
1236 1518 1321 1609 quid

259 1639 330 1691 nos
350 1615 431 1711 post
445 1619 646 1710 vitaehujus
664 1620 799 1691 exitum
812 1615 1009 1710 exspeiiat,
1030 1617 1247 1713 videamus.
1260 1622 1323 1689 Lo·
1369 1675 1370 1680 ,

259 1733 353 1814 culus
372 1718 446 1814 est
432 1742 469 1787 un
487 1742 583 1787 mortu
605 1741 690 1802 mea,
717 1718 755 1791 (5
778 1718 936 1803 abscindet
957 1717 1140 1788 Dominur
1139 1742 1266 1810 regnum
1285 1721 1323 1788 do

260 1841 360 1887 minu
385 1833 460 1903 lua,
495 1814 535 1892 (5
557 1805 615 1886 lib
617 1822 644 1886 it
670 1814 746 1887 ilud
767 1821 907 1930 proximo
929 1832 984 1906 luo
1006 1820 1127 1889 David
1178 1818 1323 1889 DaemO‘

258 1917 359 1991 nium
376 1935 468 1987 vero
491 1936 640 2010 regnum
634 1907 777 2011 David
790 1919 915 2028 nequit
927 1917 1060 1996 habere
1074 1910 1321 2008 compertum,

262 2014 363 2106 quod
365 2036 409 2185 ὗ
435 2014 517 2128 tho
541 2014 724 2088 decretum
752 2027 840 2089 erat.
893 1999 1080 2110 Quidni?
1093 2014 1232 2088 Nonne
1255 2036 1323 2087 vo-

261 2137 341 2187 cem
404 2114 515 2186 omlni
533 2114 769 2187 intellexisti?
803 2118 885 2187 Non
882 2114 980 2215 fecit
998 2117 1277 2210 indignationem
1264 2140 1321 2185 rrae
1346 2144 1348 2147 ·

256 2219 322 2306 sue
356 2220 392 2282 in
410 2213 552 2284 Amalec.
613 2213 751 2286 Nonne
782 2213 878 2286 haec
889 2208 971 2286 sunt
996 2219 1109 2287 verba
1135 2213 1320 2287 Domini?
1374 2218 1377 2221 ’

260 2313 400 2389 Nonne
417 2331 503 2383 vera
520 2309 630 2384 sunt?
656 2315 755 2386 Vere
771 2297 914 2405 quidem
931 2316 1159 2389 voluntatem
1172 2312 1323 2387 Domini

262 2412 347 2485 Saul
355 2409 541 2485 exsecutus
551 2432 627 2491 non
641 2410 708 2486 est:
726 2412 785 2486 sed
799 2433 919 2508 regem
931 2413 1079 2487 Amalec
1093 2414 1219 2486 vivum
1235 2423 1322 2486 con-¹

230 2523 235 2533 ²
263 2510 449 2597 servabat,
476 2525 626 2605 propter
641 2533 767 2603 quern,
794 2513 1029 2603 &antequam
1046 2513 1261 2604 quiesceret,
1287 2511 1322 2584 ot

257 2613 301 2684 in
322 2611 424 2684 exitu
441 2609 544 2702 ipso,
570 2611 710 2686 Samuel
729 2611 824 2684 Sauli
846 2615 1105 2709 exprobravit:
1135 2616 1182 2686 Et
1192 2630 1338 2708 propter·

264 2714 321 2784 hoc
337 2710 467 2781 verbum
482 2712 538 2779 hoc
552 2709 636 2800 fecit
653 2715 813 2782 Dominus
828 2714 864 2780 in
883 2713 931 2781 dia
949 2713 1020 2786 hac.
1060 2714 1121 2784 'Et
1137 2714 1243 2784 tradet
1257 2715 1324 2782 Do·

265 2821 376 2881 minus
393 2811 492 2903 ipsum
506 2810 601 2898 Israel
617 2815 652 2879 in
665 2835 760 2880 manu
773 2815 1030 2902 alienigenarum.
1078 2810 1139 2887 De
1152 2811 1322 2884 universo

266 2910 339 2984 Dei
347 2910 502 3001 populo
530 2909 742 2982 daemonium
767 2909 889 3001 potest
916 2911 1103 2982 vaticinari
1127 2910 1325 2983 Dominum

267 3008 478 3082 traditurum
501 3007 634 3081 lsrael?
664 3012 710 3080 Et
727 3009 963 3081 tabernaculum
986 3009 1082 3106 ipsum
1105 3011 1211 3098 lsrael
1220 3012 1327 3080 trader

267 3112 460 3182 Dominus
448 3133 485 3205 an
499 3132 596 3184 mortu
623 3110 880 3202 alienigenarum.
932 3111 980 3180 Er
1000 3126 1036 3179 lu
1053 3111 1135 3179 Saul
1153 3136 1223 3179 cros
1245 3135 1325 3180 occe-
1309 3106 1336 3195 ’ὲ

265 3211 353 3295 lura,
380 3225 441 3294 tu,
476 3206 514 3282 (5
528 3204 585 3299 fil
573 3233 623 3277 rus
644 3225 718 3279 tuus
740 3234 866 3279 mecum.
917 3206 967 3279 Et
993 3207 1080 3283 illud
1108 3190 1323 3293 daemonium
1377 3196 1395 3215 N

266 3262 361 3382 sciri
375 3307 515 3403 potest
540 3327 660 3402 regem
677 3306 809 3382 scilicet
830 3307 1016 3383 chrismate
1034 3311 1251 3401 prophetico
1265 3308 1326 3380 de·

270 3411 462 3495 claratum3
495 3407 634 3481 Saulem
660 3429 736 3480 cras
758 3433 778 3480 e
797 3408 874 3480 uita
893 3408 1146 3502 migraturum3
1174 3405 1326 3481 &filios

266 3508 453 3581 illiusurna
470 3526 550 3579 curn
573 3529 649 3579 eo
637 3506 655 3562 2
697 3513 775 3579 Cras
795 3526 853 3591 tu,
879 3507 915 3581 D
925 3509 995 3596 filii
1013 3515 1063 3592 rui
1081 3533 1206 3581 mecum.
1257 3495 1325 3580 His

266 3604 424 3700 superius
443 3604 572 3696 scripta
593 3603 851 3680 confirmantur
877 3628 963 3678 vera
982 3605 1070 3699 elle,
1098 3609 1163 3679 St
1151 3631 1188 3680 m
1213 3609 1326 3691 vitam

268 3718 464 3793 evocatum
487 3703 587 3777 fuiffe
605 3707 814 3780 Samuelem.
867 3706 963 3803 Quid
987 3707 1093 3803 igitur
1114 3709 1172 3780 hic
1193 3709 1326 3780 ventri·

268 3807 380 3895 loque
397 3804 599 3897 operatur?
623 3807 749 3921 Quid
740 3828 775 3877 m
797 3804 986 3878 edutiione
1004 3808 1125 3878 anima
1139 3806 1223 3897 justi
1238 3827 1328 3879 ven·

267 3903 538 3997 triloquaagit?
564 3902 637 4002 Qui
655 3905 966 3996 primaesententiae
983 3906 1054 3995 est
1083 3906 1257 4000 evitavit
1278 3925 1327 3976 ne

268 4025 340 4099 prae
355 4018 415 4075 tot
431 4003 505 4073 aliis
520 4001 552 4073 ot
565 4024 703 4076 novum
719 4018 899 4076 certamen
912 4006 1002 4077 inire
1021 4019 1232 4101 cogeretur:
1262 4003 1326 4072 cir·

268 4125 309 4178 ca
336 4100 568 4209 quaestionem
591 4103 694 4196 hujus
720 4105 795 4176 loci
823 4102 1047 4208 respondet3
1083 4126 1159 4177 non
1188 4105 1238 4173 est
1223 4102 1328 4173 t·Sa

768 4200 805 4278 G
830 4223 852 4297 ς
1171 4204 1301 4295 mueiu
