3075 4875
273 444 322 517 30
605 356 1303 534 οιιιιόῑῐκτῐέᾏι

219 581 222 590 “
273 602 362 678 ergo
379 580 483 658 etiam
499 579 546 653 src
562 576 772 674 Allophyli,
789 589 870 653 cum
881 602 957 653 non
971 578 1186 677 argumentis
1200 575 1238 649 dt
1254 575 1340 649 acu'·

272 686 368 759 mine
385 695 511 754 contra
525 680 745 752 adversarios
758 684 905 772 utimur,
931 680 990 752 sed
1006 677 1341 775 agresti.&s1mplici
1357 669 1362 684 '

276 782 562 854 commonitione
583 781 627 851 de
653 781 776 853 animis
801 781 1004 852 auditorum
1027 780 1114 851 uitia
1133 779 1166 849 dr
1188 791 1342 871 peccata

273 882 522 975 propellimus.¹
543 878 613 952 Sed
628 879 662 951 &
677 895 716 951 tu
732 877 824 975 ipse,
853 879 1057 973 oauditor,
1085 877 1160 949 esto
1181 878 1341 972 agricola

169 1038 176 1052 ,
274 983 397 1053 animae
415 996 509 1071 tuae,
535 993 638 1052 utere
659 980 731 1051 hoc
752 994 898 1070 aratro,
935 1000 1007 1069 quo
1026 981 1139 1049 uritur
1159 983 1339 1071 semegar.

273 1080 343 1152 Sed
367 1100 446 1151 cum
470 1073 601 1152 miseris
623 1099 763 1151 manum
782 1077 879 1150 tuam
901 1079 1105 1168 inaratro,
1139 1078 1216 1147 noli
1237 1092 1342 1147 retro

166 1181 183 1200 '
273 1178 475 1272 respicere:
509 1178 544 1249 id
565 1177 615 1250 est
641 1179 827 1272 postquam
847 1178 971 1250 tuleris
991 1197 1133 1248 crucem
1157 1191 1279 1267 tuam,
1307 1174 1343 1245 du

167 1325 170 1330 -
274 1277 442 1371 sequutds
461 1277 569 1349 fueris
590 1276 781 1369 Christum,
807 1275 992 1369 postquam
1008 1275 1137 1348 seculo
1154 1274 1343 1346 renuncia·

274 1378 338 1467 sti,
365 1379 397 1449 dc
417 1379 481 1465 iis,
510 1397 585 1467 quae
604 1378 641 1447 in
661 1377 787 1449 saeculo
807 1376 906 1468 sunt,
933 1378 1010 1476 noli
1027 1392 1128 1448 retro
1141 1373 1341 1466 respicere,

274 1477 352 1551 noli
365 1477 560 1573 requirere,
588 1497 664 1567 quae
680 1490 832 1569 propter
848 1475 1022 1549 Christum
1036 1476 1187 1548 duxeras
1197 1489 1240 1545 ut
1255 1474 1343 1545 ster.

276 1598 381 1649 cora:
410 1579 489 1666 quia
510 1576 533 1647 sr
552 1577 588 1647 iu
611 1574 678 1647 isto
695 1591 815 1648 aratro
839 1597 980 1649 manum
996 1574 1131 1668 semper
1152 1575 1344 1667 habueris,

274 1678 325 1751 ita
338 1690 379 1747 ut
395 1669 620 1748 confidenter
639 1676 752 1747 dicas:
783 1679 876 1747 Mihi
892 1694 995 1745 aurem
1011 1677 1088 1766 abssr
1099 1681 1252 1767 gloriari,
1279 1674 1347 1759 nasi

202 1817 205 1822 ,
274 1783 313 1847 iu
333 1803 418 1847 cruce
436 1773 570 1847 [domimi
589 1775 688 1872 nostri
708 1778 787 1873 Jesu
808 1778 947 1874 Christi,
972 1799 1131 1872 perquem
1151 1776 1232 1843 mike
1248 1800 1343 1844 murr-

274 1882 331 1949 dm
350 1880 521 1968 crucifixus
539 1876 598 1971 esd,
624 1876 663 1951 (⁶5
679 1902 725 1970 egr
741 1880 876 1950 mundo:
901 1877 975 1950 haec
994 1877 1059 1964 tibi
1076 1875 1209 1947 dicenti
1229 1879 1346 1968 cadent

274 2005 294 2050 a
311 1980 433 2049 dextris
449 1980 513 2047 ruis
532 1979 628 2046 decem
649 1980 766 2061 millio,
798 1977 838 2053 (5
854 2004 872 2047 o
882 1978 1021 2071 ssnr'jim's
1039 1982 1103 2047 ruis
1124 1979 1233 2071 mide,
1252 1980 1293 2045 ad
1314 1994 1365 2046 ω’

276 2101 351 2148 uero
371 2102 439 2147 mom
466 2079 775 2171 appropinquabunt.
829 2076 957 2149 Sed&
986 2076 1058 2148 hoc
1081 2074 1216 2166 ipsum,
1245 2076 1347 2167 quod

219 2170 236 2180 ”
276 2177 391 2267 dixit,
419 2176 455 2247 in
473 2176 648 2273 sexcentis
666 2177 752 2248 viris
772 2174 993 2268 Allophylos
1010 2174 1206 2269 percuffiiie
1224 2176 1346 2250 Seme·

276 2295 367 2374 gar,
402 2296 478 2346 non
505 2273 591 2345 mihi
613 2275 759 2347 videtur
784 2273 901 2349 otiose
927 2274 1067 2348 didium.
1121 2276 1221 2373 Quid
1248 2282 1346 2352 enim

278 2396 370 2473 opus
390 2390 467 2456 erat
491 2372 669 2470 desrgnare
692 2377 797 2450 etiam
819 2374 1033 2449 numerum?
1059 2373 1135 2447 Niir
1152 2375 1250 2448 forte
1268 2380 1347 2449 evi·

250 2514 260 2526 ··
277 2476 416 2550 dentius
434 2477 470 2547 in
491 2470 566 2566 ipso
584 2497 737 2548 numero
758 2500 822 2569 ea,
850 2477 894 2548 de
917 2473 1045 2565 quibus
1070 2473 1229 2567 superius
1253 2477 1346 2549 diui·

181 2588 183 2592 “
276 2597 376 2667 mus,
404 2575 586 2648 indicavit.
614 2575 781 2667 Namque
796 2576 950 2649 senarius
966 2595 1154 2666 numerus,
1182 2578 1240 2666 qui
1255 2579 1347 2649 mul.

279 2676 461 2773 tiplicatus
481 2677 586 2747 venit
608 2677 644 2747 in
666 2675 883 2767 sexcentos,
924 2675 1044 2748 mundi
1066 2676 1172 2766 ‘hujus
1186 2674 1344 2772 ,figuram

279 2789 404 2866 tenet,
432 2774 491 2867 qui
509 2770 619 2848 insex
643 2775 766 2848 diebus
787 2777 915 2849 dicitur
934 2773 1208 2847 consummatus.
1260 2776 1346 2848 Sex·

280 2891 409 2950 centos
428 2895 516 2971 ergo
537 2875 573 2947 in
592 2887 711 2947 aratro
731 2875 861 2948 dicitur
879 2864 1076 2967 percuffiiie
1093 2876 1175 2968 ille,
1203 2876 1263 2966 qui
1281 2895 1348 2969 per

228 2997 230 3001 ·
280 2995 422 3049 crucem
437 2972 796 3049 Dominicrocifixus
817 2976 868 3049 est
884 2975 1028 3047 mundo,

357 3097 389 3169 3.
416 3074 485 3148 Sed
506 3074 591 3167 quid
610 3075 692 3168 post
709 3079 785 3149 haee
802 3073 970 3149 additur?
999 3075 1048 3146 Et
1067 3074 1268 3169 adjecerunt,
1296 3074 1350 3147 ins

281 3176 379 3269 quit,
408 3176 596 3265 filii,lsroel
612 3176 721 3268 jacere
748 3178 921 3271 malignum
939 3178 976 3243 in
998 3173 1157 3269 conspediu
1186 3178 1346 3264 Domini,

214 3365 217 3369 ¹
280 3278 319 3353 θ
347 3275 446 3349 Aiorir
470 3290 612 3345 mortuus
631 3275 680 3371 esi.
730 3274 904 3348 Servatur
923 3274 1085 3346 nimirum
1101 3273 1138 3346 in
1162 3275 1214 3346 his
1236 3275 1346 3350 etiam

274 3377 340 3465 illa
359 3370 567 3448 observatio
582 3424 604 3467 ,·
622 3395 724 3465 quam
742 3377 779 3447 in
802 3373 1041 3471 superioribus
1068 3372 1349 3469 defignavimus,

172 3490 178 3501 x
282 3475 447 3569 quia-pro
472 3474 629 3566 peccatis
648 3476 775 3568 populi
793 3479 948 3550 moritur
969 3476 1085 3549 bonus
1108 3473 1235 3565 populi
1259 3474 1347 3550 dux.

282 3575 374 3647 Cum
392 3572 486 3646 enim
511 3575 646 3669 indigni
668 3573 804 3648 fuerint
825 3573 968 3656 efferri,
992 3575 1029 3646 dr
1051 3572 1203 3646 fecerint
1226 3574 1352 3669 malig-

280 3695 367 3748 num
387 3673 423 3746 in
447 3673 640 3766 conspeddu
664 3675 843 3768 Domini,
880 3674 1062 3747 auferetur
1088 3672 1208 3750 abeis
1231 3673 1348 3760 homo

282 3772 366 3849 Dei.
416 3771 486 3845 Sed
503 3772 591 3846 dicit
605 3773 751 3848 fortasse
766 3777 922 3868 populus
939 3773 1078 3846 nostert
1104 3771 1261 3874 Quando
1277 3769 1350 3846 Ec·

180 3899 184 3904 ’
285 3874 387 3948 eiesra
409 3872 481 3946 Dei
500 3873 572 3946 sure
592 3867 713 3966 judice
736 3872 819 3947 est?
852 3873 996 3949 Etiamsr
1024 3876 1124 3971 prior
1150 3871 1348 3969 defecerit,

285 3975 374 4050 alter
392 3973 593 4048 adhibetur.
645 3971 826 4048 Audadier
846 3971 997 4048 fortaffis
1019 3972 1147 4067 aliquid
1171 3971 1348 4069 dicimus,

284 4087 434 4159 tomen,
466 4073 564 4188 quod
586 4070 755 4171 scripturn
780 4076 832 4152 est
843 4128 864 4178 ,Ι
890 4075 1051 4153 dicimus.
1101 4070 1192 4148 Non
1211 4070 1351 4187 semper

478 4200 486 4221 ο
1199 4192 1298 4269 pun·
