3075 4875
370 395 1109 576 'srnrcrnrnrsnnnon
1148 399 1150 404 ⁵
1222 481 1292 553 251

234 639 307 692 mn
333 614 375 715 ιβ
394 614 476 702 sam
494 621 548 719 ἱρῇ
568 627 605 695 in
632 629 696 697 Dea
714 629 803 721 ejus,
828 624 909 718 sic]
950 628 1133 726 Quantum
1155 624 1198 700 ad
1219 627 1298 700 liter

236 741 314 793 ram
331 718 482 808 attinet,
511 725 586 797 haec
609 747 629 799 a
652 725 796 799 Davide
818 727 986 826 dicuntur
1009 725 1168 822 fugiente
1187 724 1297 804 Absa-

238 819 316 892 idm
348 816 406 907 qui
433 820 598 896 adversus
626 847 706 900 eum
731 829 945 899 rebellaret:
972 826 1116 917 quando
1143 824 1296 920 profecti

238 917 322 990 sunt
339 937 418 987 cunr
431 917 600 995 Absalom
612 925 756 998 ducenti
773 947 817 997 ex
832 924 1022 1020 Jerusalem
1038 926 1184 1014 vocati,
1211 945 1297 998 eun·

240 1030 299 1089 tes
315 1018 349 1086 in
366 1015 586 1110 simplicitate
600 1023 678 1115 sua,
706 1047 763 1116 qur
777 1027 861 1098 nihil
879 1045 1029 1114 eorum,
1057 1045 1133 1115 quae
1147 1021 1296 1117 fiebant,
1317 1079 1321 1102 .

239 1114 502 1212 agnoscebant,
531 1121 706 1198 &tamen
732 1145 857 1198 omnes
876 1126 1086 1220 ¹affligebant
1105 1124 1296 1198 Davidem.
1321 1199 1327 1212 f

238 1213 357 1310 Magis
373 1233 491 1290 autern
509 1242 553 1291 ex
574 1223 725 1313 persona
746 1224 893 1298 Davidis
913 1228 988 1298 haec
1002 1223 1178 1320 enuntiari
1197 1243 1297 1296 acce·

239 1317 380 1407 pimus,
407 1332 446 1386 ut
468 1319 716 1398 adnotavimus
736 1325 893 1416 inhujus
911 1324 1029 1416 psalmi
1049 1324 1203 1431 titulum.
1249 1319 1298 1393 Et

240 1412 433 1488 secundum
446 1417 626 1494 historiam
641 1424 781 1515 quidem
798 1424 999 1519 affligebant
1015 1421 1212 1515 Davidem,
1237 1421 1299 1512 qui

241 1529 333 1584 auctr
352 1534 501 1588 numero
518 1527 723 1610 trequentes
736 1526 962 1596 adherebant
979 1519 1186 1595 Absalomo.
1225 1519 1300 1620 Qui

241 1632 360 1685 auteur
376 1613 602 1712 insurgebant
621 1622 805 1697 adversum
829 1643 928 1713 eum,
956 1634 1057 1694 erant
1076 1619 1298 1717 Achitophel

241 1709 278 1782 ta
293 1716 407 1782 „remei
423 1719 456 1785 dr
469 1715 504 1786 T
507 1721 647 1814 hecon,
675 1724 709 1796 δι
728 1722 832 1813 srquis
849 1723 937 1794 alius
956 1734 1001 1794 ex
1016 1722 1297 1813 potentioribus.

241 1810 297 1881 Ac
312 1811 372 1899 qui
391 1833 467 1885 non
485 1816 554 1889 eise
571 1820 620 1892 illi
645 1823 791 1896 salutem
808 1823 844 1894 in
865 1822 945 1894 Deo
965 1821 1108 1910 dicunt,
1135 1823 1192 1893 alii
1212 1839 1297 1917 pre·

242 1922 300 1980 ter
328 1913 594 2014 tribulantes&
620 1920 861 2018 insurgentes,
899 1918 1127 1993 &Absalom
1157 1922 1300 1996 minime
1357 1937 1370 1960 ³

241 2005 412 2120 secutos,
448 2011 516 2087 esse
541 2017 704 2117 possunt,
738 2022 896 2112 quicum
923 2019 1043 2092 David
1067 2018 1200 2094 vitium
1225 2019 1323 2094 sen··

245 2107 383 2199 sissent,
411 2116 486 2183 baec
512 2114 687 2192 dicebant.
740 2121 876 2193 Verurn
905 2120 963 2210 qui
989 2119 1212 2193 salvatorem
1239 2121 1299 2193 tri·

242 2209 412 2281 busarunt
426 2208 618 2292 secundum
633 2241 796 2312 carnem,
809 2209 932 2314 ‘Judaei
950 2220 1072 2309 suere,
1100 2221 1158 2310 qui
1174 2219 1300 2293 clama·

243 2325 349 2378 runt:
384 2313 483 2398 tlte,
510 2321 818 2391 ardebunceterra.
873 2318 1143 2391 insurrexerunt
1155 2339 1248 2392 vero
1262 2323 1303 2393 in

243 2408 357 2499 ipsum
371 2407 477 2501 judas
490 2417 675 2512 proditor,
702 2417 909 2512 &Caiphae
961 2419 1035 2514 Qui
1047 2432 1164 2493 autem
1176 2419 1301 2494 dicunt

246 2528 369 2579 anrmae
388 2512 464 2601 ejus
482 2534 557 2589 non
578 2519 648 2592 esse
664 2518 831 2611 salntem,
858 2521 907 2592 iili
927 2517 1027 2610 sunt,
1055 2518 1114 2610 qui
1135 2533 1301 2613 tempore

244 2604 408 2699 passionis
430 2631 686 2703 praetereuntes
712 2621 905 2693 dicebant:
946 2621 1117 2698 Descmdur
1137 2623 1172 2688 de
1194 2644 1299 2705 cruce,

244 2708 284 2779 ὅ
302 2722 453 2778 trenam,
474 2742 514 2786 tt.
550 2718 724 2792 Praeterea
740 2719 993 2812 insurgentium
1010 2718 1301 2795 &tribulantium

246 2806 283 2878 ἃ
297 2804 442 2883 salutern
460 2813 509 2883 illi
524 2819 559 2888 in
582 2819 662 2891 Deo
685 2817 754 2891 esse
768 2820 974 2912 negantium
990 2814 1185 2889 discrimina
1197 2818 1301 2892 altius

245 2908 445 2998 perspicere
467 2912 553 2987 iicet
573 2918 646 2988 hoc
669 2918 800 2990 niodo:
829 2912 954 2988 omnes
970 2915 1157 3007 praesrdes,
1187 2914 1303 2988 &ser-

244 3026 422 3100 monutn,
450 3013 509 3102 qui
529 3039 547 3087 a
566 3017 719 3089 decretis
742 3013 869 3088 Christi
889 3016 992 3088 alieni
1009 3013 1110 3103 sunt,
1134 3012 1305 3091 dodtore‘s

245 3120 376 3177 contra
391 3109 501 3199 ipsum
515 3113 708 3210 insurgunt.
761 3117 833 3212 Qui
851 3134 941 3187 vero
960 3115 1028 3185 iilis
1042 3114 1241 3202 adhaerent,
1268 3114 1304 3189 dt
1323 3208 1326 3213 Ι

245 3225 375 3278 eurum
394 3208 587 3287 doctrinam
602 3215 814 3307 sequuntur,
841 3215 876 3286 hi
895 3214 995 3303 sunt,
1023 3214 1081 3304 qui
1098 3233 1178 3286 eunr
1191 3214 1302 3297 tribu·

244 3305 333 3378 lant.
384 3308 538 3388 Demunr
558 3317 616 3406 qui
631 3336 748 3406 neque
765 3316 946 3386 contraria
964 3314 1160 3412 docentes,
1185 3334 1306 3405 neque

204 3482 207 3487 ,
245 3404 339 3478 fatsrs
355 3406 481 3480 imbuti
500 3417 651 3487 credunt
665 3430 687 3507 ,·
705 3412 875 3486 doc'irinae
891 3411 1018 3487 Christi
1040 3413 1171 3485 nuliam
1195 3414 1306 3489 inesse

245 3504 494 3600 divinitatem,
522 3515 646 3586 dicunt
672 3514 795 3586 anirnae
827 3515 902 3605 ejus
929 3513 1059 3587 nuliam
1085 3510 1156 3584 esse
1179 3510 1241 3605 ipsr
1267 3518 1305 3589 'm

245 3602 334 3676 Deo
351 3605 516 3701 salutem
542 3617 602 3686 vel
618 3613 680 3706 ipsa
696 3612 887 3685 secundum
903 3612 1102 3702 historiam,
1130 3632 1207 3703 quae
1219 3632 1305 3704 pro·

246 3704 342 3799 digia
360 3708 479 3781 ‘narrat
498 3714 543 3784 de
563 3715 721 3786 adventu
738 3713 834 3803 eius;
862 3714 923 3784 vei
940 3712 977 3782 in
994 3710 1160 3785 sermone
1176 3710 1306 3784 doctri·

246 3824 304 3879 nae
319 3807 392 3898 ejus
412 3829 486 3883 non
507 3810 575 3884 esse
592 3834 688 3904 earn,
715 3831 819 3902 quarn
836 3812 1030 3902 pollicetur
1048 3809 1206 3885 salutern.
1231 3811 1306 3883 Ve-

246 3924 327 3977 rum
345 3906 379 3977 δι
396 3910 467 3980 aliu
481 3913 592 3985 modo
608 3913 819 3984 tribulantes
837 3908 908 3983 esse
922 3908 1066 4003 possunt
1083 3930 1208 3982 ornnes
1223 3930 1307 4002 pec·

248 4019 404 4080 catores.
452 4009 547 4085 Nam
571 4009 868 4102 quemadmodum
891 4011 1075 4102 improbus
1095 4007 1216 4099 silius,
1242 4008 1308 4085 etn

247 4105 473 4200 propositum
496 4130 573 4184 non
603 4112 733 4185 habeat
752 4109 914 4185 molestia
938 4124 1076 4205 patrem
1107 4103 1306 4297 affigggrg,
