3075 4875
374 413 1079 562 surrentin-asnairosss
1133 590 1135 596 Ι
1174 466 1287 582 ua.

190 645 379 727 ventitex
405 643 577 738 lapidibus
597 645 705 720 vivis.
763 641 853 719 Cum
873 657 966 718 vero
992 643 1250 744 &benignitas

192 751 230 824 u
254 747 421 821 severitas
441 745 597 836 quaedam
620 746 662 819 srt
683 744 779 832 Dei,
814 746 873 835 qui
891 745 1054 819 habitant
1076 750 1112 818 in
1137 747 1249 820 domo
1340 801 1348 815 ,

193 847 366 946 Domini,
384 845 560 919 videbunt
575 846 611 918 in
622 839 874 918 bonitate'Dei
886 845 1169 937 thcundiratema
1189 845 1250 939 qui

193 961 422 1026 autemextra
434 946 579 1019 domurn
594 946 669 1037 ejus
686 944 786 1038 sunt',
811 942 1037 1019 seueritatem
1052 946 1128 1038 ejus
1143 967 1251 1039 expe«

191 1054 342 1125 rientur.
371 1044 550 1119 Advertes
571 1059 715 1137 autem,
734 1065 818 1118 num
832 1042 974 1118 differat
986 1045 1157 1141 templum
1174 1046 1252 1121 Do·

193 1149 281 1228 mini
298 1169 317 1220 a
332 1147 441 1218 domo
454 1144 623 1235 Domini,
651 1146 783 1218 danum
798 1146 924 1218 domus
936 1145 978 1218 srt
990 1146 1156 1235 ecclesia,
1173 1157 1253 1237 quo

195 1247 331 1342 spectet
349 1245 445 1319 simui
459 1243 507 1319 ,ad
521 1244 668 1318 Levitas
686 1245 719 1319 dc
737 1242 952 1322 sacerdotes.
1003 1244 1156 1319 Primum
1178 1247 1253 1336 qui·
1304 1314 1307 1319 .

197 1348 279 1421 dem
292 1349 327 1419 in
340 1346 396 1417 die
408 1346 580 1418 maiorum
597 1343 911 1437 absconditurquis
926 1366 945 1417 a
960 1344 1122 1419 Domino
1136 1345 1173 1417 in
1183 1345 1254 1419 Dei

196 1446 454 1538 tabernaculo,
487 1443 614 1519 deinde
634 1447 836 1543 protegitur
852 1446 888 1517 in
908 1442 1117 1543 abscondito
1136 1445 1255 1518 taber·

197 1546 316 1623 nacuii
331 1545 457 1639 ipfiur,
481 1545 591 1618 tertio
614 1544 753 1619 demum
772 1545 924 1637 inpetro
944 1548 1132 1620 exaltatur.
1160 1544 1262 1620 Petit.

198 1647 346 1738 itaque,
370 1659 411 1716 ut
432 1644 469 1717 in
489 1643 636 1718 eccies1a
656 1646 832 1719 inhabitet
847 1645 1005 1718 curando
1019 1664 1076 1739 res
1093 1642 1277 1718 ecclesiae

197 1746 302 1823 sticas
318 1746 483 1819 omnibus
503 1743 627 1818 diebus
647 1747 852 1819 illuminatae
867 1745 952 1817 vitae
968 1743 1052 1819 sure:
1079 1743 1118 1816 ln
1136 1758 1255 1838 terra,

199 1846 338 1937 inquit,
363 1864 530 1930 manens,
555 1845 691 1919 tametsi
707 1845 828 1938 multis⁸
849 1844 955 1918 bonis
976 1866 1119 1942 egeam,
1145 1862 1258 1936 unum
1278 1883 1280 1887 ·
1362 1887 1367 1894 ⁴

198 1944 368 2027 hodierius
384 1957 484 2037 peto.
510 1940 599 2018 Cum
615 1946 708 2019 enim
716 1943 909 2020 confertim
921 1944 958 2017 in
972 1944 1137 2017 omnibus
1151 1943 1258 2018 bonia

199 2042 334 2119 versari
353 2063 550 2135 nequeam,
577 2064 623 2118 ne
645 2043 764 2118 saitem
786 2044 942 2118 hoc'me
968 2040 1132 2134 deficiat,
1159 2039 1261 2133 quod

201 2161 367 2241 maguum
380 2144 413 2215 dc
427 2142 593 2216 eximium
607 2142 671 2236 eii,
691 2161 728 2213 ur
739 2146 863 2215 videam
875 2143 939 2220 σε.
966 2144 1038 2239 Qui
1053 2156 1171 2216 autern
1185 2141 1261 2216 dili·

230 2245 258 2317 it
274 2243 442 2317 decorem
461 2240 589 2317 domus
609 2243 794 2334 Domini,
806 2243 958 2317 dulciter
975 2244 1051 2335 eius
1067 2238 1261 2335 conspeetu

201 2266 274 2423 frui
287 2344 477 2434 desiderat,
500 2341 1153 2438 dapostcontempiationeminvisere
1171 2355 1262 2417 tem·
1371 2341 1378 2364 ‘

201 2447 301 2539 plum
314 2444 403 2537 ejus.
452 2442 570 2517 Porro
582 2445 611 2518 is
626 2446 728 2519 videt
736 2445 996 2537 jucunditatem
1006 2443 1174 2533 Domini,
1199 2441 1263 2534 qui

202 2544 481 2622 fundamentalia
502 2543 657 2619 ecciesrre
680 2545 848 2642 dogmata
869 2544 1049 2619 intuetur:
1072 2542 1263 2618 Trinitatis

202 2664 298 2718 vero
312 2643 476 2735 mysteria
489 2645 737 2734 considerans,
762 2645 934 2736 tempium
953 2644 1028 2735 ejus
1043 2644 1263 2734 contempla·

202 2744 315 2820 bitur.
343 2743 466 2814 Decor
476 2741 622 2837 Domini
637 2742 688 2816 est
700 2743 807 2816 etiam
821 2745 937 2816 omnis
952 2762 1079 2816 eorum
1091 2742 1188 2835 vita,
1203 2741 1265 2833 qui

203 2839 531 2934 virtute&pietate
545 2839 721 2933 prostant.
755 2846 917 2935 Quoniam
934 2842 1089 2930 Monuit
1103 2866 1167 2929 me,
1195 2841 1265 2917 dcc.

174 3000 176 3005 ,
210 2943 340 3018 Inimici
358 2941 505 3035 quidem,
530 2941 674 3033 inquit,
701 2944 860 3032 infirmati
876 2946 973 3030 lunt,
1009 2940 1048 3017 U
1061 2944 1272 3025 residuum

208 3062 281 3136 ego
301 3052 418 3112 autem
439 3038 500 3113 iub
522 3040 669 3114 dextera
687 3040 793 3133 ipsrus
811 3039 1078 3133 abscondebat,
1104 3040 1268 3119 habitant

208 3140 248 3216 in
273 3140 536 3229 tabernacui03
572 3141 740 3230 quoniam
757 3156 834 3215 tum
855 3142 891 3215 in
912 3139 1057 3214 desertis
1076 3141 1268 3236 morabar,

208 3261 279 3318 nec
290 3241 462 3313 habebam
475 3239 620 3314 domum
631 3240 724 3332 Dei,
741 3262 812 3314 nec
821 3244 993 3336 tempium
1005 3240 1093 3332 eius.
1115 3239 1273 3331 Verum·

210 3357 332 3414 tamen
348 3338 415 3413 isto
429 3337 717 3432 persecutionum
735 3353 902 3433 tempore
916 3342 1079 3434 protexit
1091 3361 1159 3417 me.
1193 3339 1271 3415 Ab·

210 3439 413 3516 sconditum
428 3453 547 3513 autem
563 3440 784 3514 tabernaculi
799 3454 876 3514 erat
894 3441 969 3534 ejus
990 3441 1151 3515 intimum
1168 3437 1202 3512 u
1217 3441 1274 3513 in·

211 3537 409 3632 accessum,
437 3538 534 3632 quod
558 3537 672 3614 sanda
692 3538 889 3614 sandiorum
911 3542 1147 3637 appellabant.
1180 3537 1273 3616 Nun

212 3643 366 3713 omnino
379 3653 497 3715 aorem
507 3642 779 3714 tabernaculum
792 3639 829 3713 in
838 3641 925 3713 ioco
937 3638 1038 3715 suiss'e
1053 3639 1190 3724 aii'erit,
1212 3635 1289 3733 sedx
1375 3695 1378 3704 1

213 3741 253 3816 in
264 3738 343 3835 sana
356 3739 480 3814 animae
494 3738 776 3830 constitutione,
804 3760 881 3832 quae
894 3739 937 3815 sit
950 3742 993 3814 ab
1004 3740 1103 3815 omni
1115 3740 1275 3813 multitu·

216 3839 308 3912 dinis
323 3840 579 3913 communione
593 3841 715 3913 iibere.
751 3838 842 3913 Non
863 3840 1019 3936 permisit
1036 3862 1116 3932 me,
1136 3837 1274 3931 inquit,

215 3938 501 4030 latereusquein
518 3935 646 4033 finem,
670 3941 728 4013 sed
747 3958 828 4012 cum
840 3942 945 4014 etiam
960 3934 1278 4030 aiiirmeprodeiso

217 4040 354 4130 vellet,
378 4038 549 4135 inpetro,
573 4036 609 4112 id
629 4038 702 4129 est,
728 4037 872 4113 Christo
885 4040 1058 4113 exaltavit
1074 4054 1143 4113 me.
1175 4034 1278 4113 Aliae
1332 4068 1337 4073 ·

219 4134 435 4239 ttitm‘saepe
451 4139 648 4225 diarum-est
662 4140 898 4215 tabernaculo
915 4130 1140 4238 paredum,
1163 4135 1277 4214 domo
1375 4219 1378 4225 .

326 4276 331 4283 ·
688 4236 813 4363 Ggg
1116 4245 1268 4328 nutem,
