3075 4875
356 356 1106 532 snpncrnrn'rsnrrros.
1153 390 1298 524 335*

287 585 480 689 Ejusdem]
502 586 591 661 Haec
622 588 729 661 etiarn
756 587 827 660 dici
851 587 993 702 putabis
1020 586 1225 663 adversus
1214 612 1268 664 rn-
1306 654 1311 660 ,

164 693 357 790 visibiles
374 689 528 780 hostes,
555 686 615 778 qui
641 687 803 762 divinum
828 690 905 781 ejus
929 686 1186 783 progreiiurn
1175 692 1269 765 rnvi·
1321 782 1326 789 ἱ

201 794 330 865 dentes
367 790 504 865 infidias
533 789 565 860 ei
590 784 825 880 struxerunt,
865 787 899 861 &
932 787 1014 881 post
1039 788 1116 880 ejus
1140 802 1277 907 pecca·-

201 907 279 965 turn
303 887 538 1042 insulirbant,
564 886 749 963 dicentes:
775 892 857 963 Non
881 888 1030 988 «Μαίη
1054 883 1148 987 ipſs
1135 915 1175 962 m
1199 895 1269 965 Deo

200 1017 283 1091 (iiis.

211 1184 1264 1242 mmm

220 1331 224 1430 1
261 1338 351 1425 nx
389 1264 939 1426 connnnrrrns
980 1337 1210 1429 orren-

379 1472 498 1588 ins¹
520 1474 595 1600 ip
624 1471 966 1591 rsnnnrnn
996 1473 1079 1560 vr.

203 1645 472 1829 Poffibileest
490 1648 713 1722 confiderrre
733 1667 779 1720 ex
802 1647 857 1734 his
880 1648 1033 1722 maxime
1054 1649 1268 1744 doloribus,
1329 1665 1333 1671 ·
1377 1719 1379 1721 ,

221 1835 224 1842 ,
291 1769 383 1840 quos
393 1751 430 1823 in
445 1750 519 1823 hoc
533 1769 691 1841 corpore
707 1748 814 1840 poiiti
824 1744 1008 1842 sentimus,
1019 1751 1094 1844 qui,
1104 1751 1283 1843 quamvis·

202 1852 320 1947 magni
334 1850 421 1941 sint,
435 1850 558 1923 brevis
574 1862 673 1922 certe
687 1846 766 1921 sunt
779 1848 976 1942 temporis,
995 1870 1063 1945 pro
1081 1872 1149 1944 en,
1168 1848 1271 1943 quod

192 1950 230 2040 ,sr
254 1951 361 2043 paulo
385 1949 680 2024 vehementiores
702 1947 919 2041 extiterint,
959 1950 1271 2026 continuoetiam
1295 1972 1299 1977 ·
1331 1970 1359 2015 '-

205 2050 290 2123 vitae
304 2051 457 2124 celerem
476 2049 637 2122 inferunt
656 2044 776 2122 finem.
827 2045 996 2140 Denique
1015 2050 1146 2140 multi,
1171 2048 1271 2124 [ires

204 2148 433 2243 poposcerit,
459 2169 529 2248 pro
545 2148 690 2243 pietatis
706 2145 975 2233 confeffionein
986 2149 1065 2246 ipiis
1076 2150 1269 2246 tormentis

203 2250 355 2323 anirnarn
370 2249 545 2336 reddunt.
572 2247 630 2322 aiii
653 2267 745 2322 vero
768 2245 932 2339 inipso
918 2269 991 2340 jam
1007 2269 1154 2322 corone
1170 2250 1271 2332 aditu

204 2348 311 2444 posrti
328 2346 510 2447 denegant
529 2344 668 2438 fidem,
694 2368 928 2440 quantusque
950 2348 994 2421 ad
1015 2364 1171 2424 mortem
1184 2360 1272 2444 pro·

202 2447 398 2543 posuerant
411 2447 590 2528 confiteri
641 2443 691 2518 Et
705 2448 780 2522 hoc
798 2468 876 2521 non
889 2449 1014 2542 utrque
1029 2449 1272 2529 diminutione
1325 2504 1330 2511 ·

203 2549 381 2645 propofiti
398 2561 608 2652 patiuntur,
641 2544 701 2621 sed
714 2569 753 2620 vr
743 2547 907 2621 doloris
927 2549 1035 2623 nimia
1049 2550 1082 2623 δι
1097 2551 1272 2625 intolera-

201 2648 267 2723 bssi
287 2646 458 2745 superati
502 2647 538 2722 Si
555 2667 643 2745 ergo
660 2650 698 2720 in
720 2648 789 2720 hac
803 2646 966 2740 praesenti
987 2650 1064 2722 vita
1081 2663 1153 2723 tarn
1172 2651 1272 2723 into·
1321 2689 1323 2700 ·
1379 2738 1380 2745 Ν

201 2750 366 2827 letabiles
381 2751 461 2823 sunt
484 2769 666 2842 poenatum
688 2747 862 2840 dolores,
872 2748 974 2839 quid
993 2749 1190 2841 putandum
1204 2748 1270 2842 e'st,

203 2870 286 2923 cunr
306 2871 382 2922 non
402 2853 473 2943 jam
493 2848 646 2922 craiirori
671 2851 787 2921 anima
804 2861 928 2919 utetur
949 2848 1184 2930 indumento,
1209 2846 1271 2922 sed

205 2966 288 3024 curn
298 2949 335 3022 rd
352 2949 504 3043 spiritale
520 2945 687 3021 effectum
701 2967 747 3018 ex
761 2942 1020 3020 resurreetione
1035 2947 1209 3041 recipiet,
1236 2947 1273 3021 δε

204 3071 253 3123 co
264 3051 514 3123 vehementius
524 3065 670 3140 utrque,
698 3066 773 3138 quo
791 3045 950 3119 subtilius
966 3045 1035 3138 est,
1056 3046 1185 3122 sentiet
1195 3068 1272 3122 vim

204 3151 345 3225 doloris
362 3148 380 3221 ‘2
407 3149 501 3222 Puto
527 3149 649 3240 enim,
676 3143 776 3239 quod
793 3151 926 3237 quanta
942 3144 1144 3220 differentia
1161 3145 1241 3220 est
1233 3168 1271 3222 rn
1345 3203 1354 3220 ,

204 3246 368 3346 praesenti
393 3248 520 3322 saeculo
540 3247 674 3322 nudum
704 3246 920 3339 verberari,
955 3267 1060 3339 quarn
1080 3246 1271 3342 vestitum,

206 3349 250 3422 ad
267 3348 555 3443 persentiendum
576 3345 711 3420 scilicet
733 3345 951 3439 cruciatum,
977 3368 1024 3420 eo
1046 3349 1145 3440 quod
1159 3348 1272 3422 vehe-

204 3449 362 3525 mentius
389 3449 524 3522 nudum
546 3467 678 3543 corpus
705 3447 869 3519 crucient
885 3447 1057 3539 verbera,
1084 3467 1188 3539 quern
1210 3470 1273 3522 ve·
1383 3468 1386 3479 ·

204 3548 357 3623 stitunr:
393 3563 531 3622 tanturn
557 3561 650 3640 puto
670 3546 824 3620 futuram
848 3541 1087 3619 differentiam
1108 3547 1276 3638 doloris,

207 3669 290 3722 curn
315 3669 449 3742 corpus
468 3651 658 3722 humanum
680 3645 919 3720 crassitudinis
932 3646 1036 3741 hujus
1055 3646 1271 3720 indumento

206 3747 373 3842 deposrto
393 3749 497 3824 velut
522 3746 657 3822 nudum
679 3765 812 3840 corpus
836 3747 985 3844 coeperit
1009 3745 1175 3822 sustinere
1195 3762 1273 3819 tor·

203 3861 341 3927 menta.
1014 3890 1016 3895 s
