3075 4875
327 558 330 562 Ι
384 375 1084 550 ss'rucrsm‘rsntuosi
1162 397 1292 546 '³⁶3'

193 612 298 704 scura.
348 606 556 683 obscuritas
572 606 622 681 est
636 608 839 705 ignorantia
853 610 1038 684 rationalis
1056 609 1190 689 animae.
1224 610 1267 688 Ia
1299 685 1301 689 ,

197 712 303 787 illuni
318 710 426 783 nocie
446 712 495 802 ait
515 730 580 781 eos
603 706 777 798 insidiari,
802 706 1001 807 significans
1019 712 1172 790 latenter
1187 712 1267 787 iud·-

200 812 289 888 dias.
337 807 473 883 Reiios
493 810 605 884 corde
625 809 732 900 dicit,
759 807 867 902 dise,
896 810 929 882 dr
952 832 1038 901 eos,
1063 812 1123 903 qui
1147 810 1279 887 secturi>

199 923 323 997 erant,
342 930 461 1001 neque
476 908 510 980 id
527 924 735 1005 arroganter
751 908 856 1002 dicit,
875 906 933 981 sed
946 923 987 981 ut
1002 925 1158 985 mentem
1170 911 1265 988 suam

156 1032 158 1036 ·
200 1009 381 1100 ostendat,
392 1007 586 1100 quodnilril
596 1030 748 1102 uuquam
760 1012 797 1083 in
807 1009 971 1084 damnum
983 1007 1268 1105 Saulparaverit.
1328 1065 1331 1075 ·

281 1111 440 1181 Drmmu's
461 1116 498 1179 iu
522 1111 632 1206 ternplu
649 1108 760 1197 saniir
774 1110 846 1198 suo,
878 1114 1038 1182 Dominus·
1053 1118 1089 1181 irr
1102 1114 1171 1183 celo
1180 1116 1267 1201 leder

201 1213 281 1308 ejus.
334 1213 424 1278 Oculi
441 1212 504 1304 rjus
523 1215 560 1302 in
576 1230 737 1306 acumem
755 1211 941 1307 respiciunt:
967 1210 1122 1307 palpebra·
1130 1216 1197 1309 ejus
1214 1218 1267 1281 irr-

202 1326 366 1402 rerrogarrt
374 1310 464 1400 filios
480 1311 661 1394 irancuum,
688 1307 772 1401 dc]
825 1309 975 1383 Habitat
989 1310 1089 1401 Deus
1103 1309 1268 1385 infausta

203 1410 240 1483 dr
256 1407 386 1481 coelesti
403 1410 639 1502 cogitatione,
649 1409 778 1483 coelesti
789 1429 830 1482 ae
839 1410 966 1484 divino
978 1410 1091 1483 modo
1102 1431 1266 1508 regnans.
1306 1445 1308 1453 .

203 1509 435 1600 Inspectrices
451 1510 528 1601 ejus
548 1510 645 1582 vires
664 1510 862 1583 defendunt
875 1529 1080 1603 pauperem.
1107 1509 1159 1582 At
1173 1504 1267 1585 vero
1393 1555 1395 1563 ,

204 1626 248 1681 ut
263 1613 403 1700 bonus,
429 1610 620 1701 palpebris,
633 1631 710 1682 non
723 1610 838 1683 oculis
854 1612 1031 1686 examinat
1049 1629 1105 1682 res
1114 1609 1268 1703 nostrar;

205 1710 338 1799 quippe
365 1708 423 1798 qui
447 1728 526 1780 non
550 1712 670 1782 omnia
692 1729 812 1781 earum
835 1707 961 1783 deliiia
979 1706 1167 1782 observet:
1194 1707 1268 1782 hoc
1324 1751 1333 1771 ι

206 1801 524 1879 errimhonrinibus
543 1809 771 1881 intolerabile
786 1808 896 1883 soret.
935 1806 1061 1879 Oculis
1076 1807 1271 1901 pauperem

206 1904 370 1999 respicit,
394 1907 540 1979 uberem
563 1905 837 1982 beneficentiam
861 1908 1057 1999 exhibens,
1084 1923 1270 1998 quantum·
1350 1923 1355 1930 ’

206 2007 265 2077 uis
284 2006 407 2077 unicus
426 2006 455 2076 is
474 2027 609 2101 pauper
626 2007 756 2097 suerit3
775 2009 1026 2101 ,plurimorum
1049 2022 1167 2081 autem
1193 2005 1284 2099 sup·¹
1372 2061 1375 2074 .

208 2105 317 2199 plicia
334 2104 540 2197 cohibens,
556 2128 633 2199 quae
650 2110 756 2182 etiam
773 2106 880 2181 valde
897 2106 1042 2179 occulta
1059 2104 1151 2181 sunt.
1196 2104 1272 2180 Cae·

208 2217 327 2278 terum
348 2204 385 2280 in
400 2205 526 2279 divino
541 2208 703 2284 examine
720 2228 845 2304 magna
860 2210 929 2280 erit
947 2207 1131 2279 bonorum
1146 2203 1273 2279 securi-

208 2316 277 2379 tas.
332 2307 446 2377 Omnes
465 2306 559 2379 enim
572 2308 770 2406 manifestari
785 2324 906 2405 oportet
925 2323 1001 2377 note
1019 2307 1167 2382 tribunus
1189 2310 1272 2404 ejus,

210 2422 251 2477 ut
278 2402 398 2496 referat
415 2411 631 2507 unusquisque
650 2413 780 2507 propria
797 2410 952 2508 corperis,
973 2404 1185 2507 proutgefflt,
1208 2404 1275 2500 five

208 2505 345 2592 ,bonum
362 2507 432 2599 five
445 2507 571 2580 masuris.
1155 2504 1163 2523 ‘

291 2603 468 2701 Ejusdem]
495 2605 849 2700 Isiamuspauperes,¹
866 2619 908 2679 ut
923 2627 993 2679 nos
1009 2605 1106 2678 oculi
1122 2603 1274 2678 Domini

210 2700 412 2796 respiciant.
439 2704 475 2777 Si
495 2705 625 2780 divites
641 2727 716 2778 non
735 2705 816 2779 sunt
830 2725 1025 2798 pauperes,
1044 2701 1276 2795 nonrespicit

180 2851 189 2854 -‡
208 2805 344 2878 divites
364 2803 553 2878 Dominus.
605 2804 732 2877 Oculis
745 2825 940 2897 pauperem
954 2803 1110 2896 respicit,
1126 2806 1274 2889 uberem

211 2898 489 2978 beneficentiam
504 2902 699 2993 exhibens,
726 2903 889 2995 quamvis
905 2904 1031 2975 unicus
1047 2904 1089 2975 srt
1102 2920 1249 2995 pauper.

296 2999 454 3071 Dominus
467 3012 642 3097 interrogat
652 3002 770 3100 jussum
788 3000 826 3078 ὕ
841 3008 989 3099 impium,
1016 3007 1073 3100 qui
1086 3019 1190 3074 autem
1206 3002 1278 3071 dile·-

213 3103 262 3197 git
277 3098 501 3198 iniquitatem,
523 3102 590 3174 odit
611 3106 882 3196 auimamsuam,
902 3099 989 3196 sic]
1043 3103 1279 3199 Quapropter

213 3201 356 3292 omnis,
383 3202 442 3292 qui
461 3214 611 3295 peccat,
635 3221 711 3275 non
728 3199 848 3281 secus,
870 3223 916 3274 ac
932 3200 955 3274 fi
973 3200 1116 3292 oderit,
1141 3199 1277 3279 insidia

212 3312 273 3373 tur
287 3298 440 3395 propriae
456 3303 595 3375 animae:
621 3300 919 3394 quemadmodum
945 3299 979 3374 dt
1001 3300 1061 3391 qui
1075 3298 1168 3393 juste
1189 3301 1276 3398 agit,

212 3397 361 3492 seipsum
380 3400 513 3496 diligit,
539 3401 623 3475 dum
643 3401 678 3474 δι
696 3403 742 3476 de
757 3400 869 3498 seipso
890 3401 986 3474 &de
997 3401 1167 3493 proximo
1184 3402 1279 3472 bene
1368 3446 1371 3459 ·

212 3516 394 3592 rueretur,
415 3519 606 3591 utrumque
621 3501 719 3576 srmul
735 3502 778 3574 ad
794 3503 971 3575 uirtutem
985 3498 1276 3587 adducendolm·
1380 3564 1384 3571 .

214 3601 313 3696 pium
328 3614 446 3674 autem
464 3600 672 3690 dieucum,
696 3601 757 3693 qui
778 3601 965 3692 peccando
979 3599 1100 3673 Deum
1115 3614 1280 3675 contem·

216 3700 292 3788 nit,
320 3700 379 3790 qui
398 3699 430 3771 dt
448 3722 528 3774 cunr
541 3699 635 3791 iusto
649 3702 850 3793 judicatur,
875 3713 918 3772 ut
937 3713 1038 3795 patet
1053 3720 1099 3795 ex
1116 3700 1280 3793 pluribus

214 3800 330 3891 locis,
355 3811 433 3884 tum
446 3798 637 3892 praesertim
657 3820 703 3872 ex
719 3798 784 3872 illo
804 3796 1009 3872 Geneseos:
1036 3797 1083 3871 Er
1097 3805 1162 3869 erit
1176 3798 1280 3896 justus

207 3898 293 3999 fitur
311 3903 435 3992 impius.
484 3897 580 3974 Nam
597 3898 658 3993 qui
670 3895 815 3994 prorsus
836 3898 909 3973 sne
923 3897 1010 3973 Deo
1031 3894 1102 3992 est,
1124 3917 1204 3974 uon
1225 3912 1280 3970 re²

216 3997 337 4095 surget
351 3997 389 4071 in
400 3995 550 4091 iudicio.

862 4262 865 4270 .
926 4273 930 4280 ,
984 4278 988 4287 Ι
1084 4150 1287 4285 bist-ss
1375 4268 1381 4277 ,

988 4344 996 4380 l
