3075 4875
226 401 277 463 ²
380 451 1075 555 srrrcrrrursnnmos.
1188 445 1276 554 2⁶3³·
1329 441 1364 474 ⁶

206 633 332 715 erant,
367 636 409 697 ut
431 619 721 723 crucifigeretur,
754 620 794 696 n
810 639 961 695 cernens
981 621 1135 696 animum
1160 615 1262 700 suum

205 723 423 819 intrepidum
449 719 660 819 (secundum
682 742 824 795 carnem
840 737 957 795 autem
975 723 1051 795 haec
1067 720 1147 820 aio)
1167 722 1263 797 dice·

204 845 249 898 re
264 826 375 897 etiam·
385 821 448 895 ista
462 821 576 915 poisrt.
627 821 662 895 si
682 822 760 913 quis
778 834 896 896 autern
911 819 1130 920 perspexerit
1145 819 1264 916 multi·

156 920 162 936 ⁸
206 925 368 1003 tudinem
384 923 535 1010 eorum,
563 921 621 1014 qui
637 923 680 994 ab
698 919 857 994 hostibus
870 921 1162 1015 prosternuntur,
1188 922 1265 994 ani·
1323 930 1333 949 ⁵

205 1044 301 1100 mam
323 1022 589 1112 obsidentibus,
614 1021 904 1116 perturbantibus
930 1034 1038 1114 atque
1053 1019 1264 1115 exagitanti·
1336 1065 1342 1086 α

205 1123 300 1214 bus,
337 1116 549 1213 tempestive
571 1118 615 1192 ad
637 1119 756 1194 Deum
784 1120 995 1217 confugiens
1012 1120 1145 1195 merito
1163 1120 1279 1216 dixer,

207 1219 279 1315 rit,
306 1223 384 1294 Non
407 1221 516 1293 timebo
529 1221 627 1290 midie
642 1222 747 1316 popuii
759 1222 983 1292 circumdantis
997 1246 1054 1293 me.

283 1320 443 1415 Exfirrge,
473 1322 631 1412 Domine,
662 1319 788 1410 Iduum
806 1343 853 1392 me
875 1319 932 1409 sac
956 1323 1044 1392 Dtur
1064 1343 1166 1407 meus,
1189 1317 1264 1419 que·

206 1425 299 1494 niam
313 1438 351 1491 tu
361 1415 531 1518 percuffljii
552 1423 756 1506 adversantes
770 1421 853 1490 milri
859 1420 930 1517 fine
943 1419 1051 1509 causer:
1075 1422 1182 1491 dentes
1196 1443 1265 1517 pet·

208 1538 351 1593 catorum
370 1520 570 1616 contrivisti,
589 1517 672 1616 die]
698 1520 915 1594 Hebraicum
936 1519 1116 1613 exemplar
1138 1517 1267 1592 consu·
1305 1571 1312 1585 ,

208 1622 349 1710 lentes,
375 1618 485 1711 iliud,
509 1618 581 1715 fine
604 1622 717 1711 causa,
754 1639 974 1710 nequaquam
1000 1617 1139 1694 ostendi
1164 1617 1264 1713 posse

206 1719 417 1812 reperimus.
470 1718 567 1811 Quid
580 1720 674 1792 enim
688 1738 879 1792 commune
892 1718 1000 1791 habet
1002 1720 1073 1816 fine
1085 1711 1265 1809 museum
1392 1776 1395 1781 .

206 1816 382 1895 maxilla?
417 1817 516 1916 Quin
539 1813 645 1891 ctiam
668 1817 795 1910 reliqui
815 1815 1014 1910 posuerunt
1037 1817 1125 1891 sicut
1141 1821 1264 1892 textui

206 1919 382 1993 hebraeus.
432 1917 646 1990 Verosrmile
659 1919 765 2016 igitur
783 1916 860 2010 est,
895 1915 992 2007 quod
1010 1915 1153 1989 Hebraei
1171 1931 1266 1992 nont

207 2018 299 2092 nulii
321 2018 438 2108 aiunt,
466 2019 608 2109 antiqua
631 2018 843 2110 exemplaria
865 2016 968 2089 abter
992 2013 1170 2111 habuisse,
1200 2013 1268 2091 vel

208 2114 431 2212 septuaginta
452 2114 616 2188 didiionis
632 2116 728 2189 istius
745 2116 921 2190 vilitatem
944 2113 1169 2208 devitantes,
1194 2109 1273 2210 pro

209 2216 341 2289 maxido
365 2212 466 2287 ausos
493 2212 594 2290 fuisse
616 2237 754 2309 ponere
767 2216 838 2310 fine
858 2213 959 2304 σακία.
1008 2212 1270 2310 Expendentes

211 2333 301 2410 ergo
317 2314 414 2388 bunc
431 2311 771 2388 versumsccundum
787 2314 1025 2414 septuaginta,
1050 2309 1273 2400 disseramus,
1387 2361 1390 2370 .

210 2412 399 2508 quomodo
418 2409 623 2507 accipienda
645 2413 731 2507 fint,
758 2436 836 2506 quae
853 2414 1010 2488 humano
1024 2434 1126 2488 more
1143 2437 1163 2488 a
1179 2405 1269 2499 Deo

211 2515 304 2588 ditia
319 2510 418 2601 sunt,
445 2534 490 2586 ex
507 2514 633 2606 quibus
650 2513 755 2589 facile
775 2513 825 2588 est
841 2515 985 2610 videre,
1012 2534 1085 2606 quo
1096 2513 1202 2609 padio
1216 2513 1271 2591 di·

212 2625 339 2687 eamr:
368 2614 533 2707 Exsurge,
571 2619 734 2706 Deinirre,
768 2614 893 2698 sarvam
915 2638 963 2685 me
977 2613 1036 2705 fac
1060 2619 1151 2687 Deus
1171 2625 1276 2691 meus.
1343 2624 1345 2631 ’

165 2778 170 2787 s
207 2711 332 2789 Nobis
363 2716 456 2785 enim
483 2733 552 2785 ceu
578 2713 843 2804 dormientem,
862 2771 867 2781 ,
886 2712 1030 2804 quando
1055 2712 1273 2797 tentationis

209 2808 313 2899 cause
338 2833 407 2886 nos
431 2811 576 2911 tradidit
603 2810 811 2901 adversariis
837 2810 1100 2904 potestatibus,
1132 2810 1274 2887 excitat

208 2913 320 2986 ilium.
368 2908 482 2982 Forte
499 2911 605 2985 etiam
616 2932 696 2984 cum
713 2910 937 3002 Salvatorem
952 2930 1022 3004 pro
1034 2910 1141 2984 nobis
1155 2909 1276 2983 omni·

210 3013 280 3086 bus
310 3008 492 3092 tradidit,
537 3009 740 3085 dormiebat
769 3009 802 3082 ei
834 3020 947 3102 pater.
1013 3004 1182 3105 Exsurgit
1209 3030 1275 3082 au*
1375 3018 1379 3023 '

210 3125 307 3202 tem,
334 3129 416 3182 cum
440 3105 574 3183 salvum
597 3106 707 3202 ipsum
724 3106 838 3201 facit,
866 3107 900 3180 dr
923 3108 1082 3201 percutit
1102 3098 1274 3190 inimico&

210 3212 311 3304 ejus,
336 3210 397 3281 vel
417 3228 503 3303 eos,
531 3209 590 3300 qui
612 3231 658 3283 ex
676 3207 946 3283 circumcisione
965 3207 1067 3300 sunt,
1092 3209 1155 3282 vel
1175 3207 1272 3282 veri·¹

208 3309 275 3385 tati
291 3322 529 3401 repugnantes
553 3307 749 3401 potestates
771 3306 975 3384 invifibilee
1023 3305 1145 3382 Porro
1170 3307 1272 3383 nulle

208 3408 344 3484 inimici
367 3408 462 3479 ratio
488 3407 660 3504 habetur,
687 3427 768 3479 cum
784 3408 841 3478 vir
858 3403 994 3481 sandius
1013 3427 1096 3480 eum
1117 3407 1181 3500 iir,
1208 3405 1272 3500 qut

209 3506 371 3581 oderunt
399 3524 552 3597 pacem,
586 3505 629 3580 sit
655 3502 851 3599 pacificus,
885 3505 1108 3580 &inimicos
1135 3505 1274 3605 diligat,
1306 3587 1311 3603 ,

208 3605 339 3681 Videri
362 3617 479 3677 autem
499 3604 604 3698 poiiit
625 3604 798 3698 quispiam
818 3624 895 3677 non
913 3605 984 3697 fine
999 3604 1091 3693 eausa
1110 3625 1193 3682 cunr
1211 3606 1277 3681 ali·

212 3726 287 3798 quo
308 3703 527 3778 inimicitiam
548 3701 745 3797 suscipere,
770 3703 796 3777 s1
814 3704 876 3777 vei
895 3704 1084 3779 humaniue
1109 3705 1171 3779 vei
1190 3692 1274 3777 reli·

209 3803 342 3903 giosrus
363 3803 526 3876 inimicus
546 3800 732 3896 specietur.
783 3801 982 3877 Humanior
1004 3803 1166 3895 quidem,
1191 3822 1277 3881 cum

210 3906 342 3979 laedere
355 3901 586 3995 incipientem
597 3900 778 3987 aversatus
786 3899 905 3975 ulcisci
920 3903 1098 3977 voluerit:
1121 3901 1277 3980 sicenim

212 4025 291 4079 non
317 4003 382 4096 fine
409 4000 634 4093 causacum,
674 4001 733 4093 qui
759 4002 859 4094 prior
875 4001 988 4094 laesrt,
1023 3999 1135 4095 odisse
1156 4001 1277 4097 videri

217 4110 349 4198 queam
374 4100 570 4201 reiigioiius
595 4121 713 4195 vero,
738 4099 860 4193 siquis
881 4100 1044 4178 inimicus
1065 4099 1128 4189 fiat
1146 4102 1196 4174 ob
1214 4103 1279 4176 ve·

713 4196 796 4294 Rs
1076 4201 1256 4292 mutem,
