3075 4875
238 487 242 492 ·
384 476 1173 581 rucinrrrorcurrnomvr.
1237 469 1319 592 54³(

222 641 298 733 oui
323 642 413 716 nihil
436 641 642 718 offensionis
662 645 699 718 in
720 644 869 740 lingua,
900 643 992 720 nihil-
1012 641 1240 718 crassitudinis
1259 645 1297 718 in

233 740 363 835 spiritu
381 743 507 839 gerit‚·
523 744 583 817 ilie
597 743 718 839 potest
738 745 879 819 dicere:
907 745 973 837 Ego
987 743 1298 838 murmurantia,

233 841 362 941 'sesam
382 847 450 920 Deo
474 843 580 933 Israel.
749 923 753 930 ,
1062 861 1066 870 ·

315 965 353 1031 u.
381 942 516 1017 Verum
532 943 612 1035 quia
625 903 934 1017 coirtinuationem
943 941 1078 1020 ‘cantici
1088 962 1153 1046 per
1165 940 1298 1039 singula

235 1061 314 1118 non
336 1042 557 1139 occurrimus
581 1045 790 1136 explicare,
823 1042 1080 1135 interpolando
1098 1039 1220 1115 saitem
1247 1040 1300 1114 se·

235 1144 327 1218 riem
341 1138 534 1235 leuioris,
554 1143 766 1235 videamus,
799 1140 954 1233 quidest
977 1141 1076 1233 quod
1097 1140 1205 1215 dicit:
1234 1144 1298 1211 Cor
1341 1140 1352 1236 Ἰ

236 1265 338 1316 neum
356 1242 396 1310 ad
410 1263 465 1327 eo,
490 1265 557 1338 qua
572 1242 713 1337 dispolim
729 1243 812 1330 sunt
830 1243 906 1312 huic
925 1241 1031 1329 lsrael.
1080 1240 1166 1312 Hoc
1182 1240 1317 1314 modo'

236 1340 407 1434 videtin,
433 1340 531 1431 quod
546 1342 650 1415 dicit:
676 1361 898 1434 cormeum,
919 1340 1235 1432 &animusmeus‚
1262 1339 1300 1412 dc

227 1438 356 1514 sensus
372 1438 498 1532 meris,
534 1442 567 1514 du
586 1454 667 1514 tota
681 1462 781 1515 mens
795 1461 874 1514 mea
893 1440 937 1513 ad
956 1440 1043 1512 iliud
1059 1439 1231 1519 intendit,
1263 1439 1300 1514 dr

237 1539 328 1613 iliud
347 1536 538 1633 prospicit,
564 1542 662 1632 quod
679 1538 882 1636 dispositum
898 1538 973 1629 est,
999 1539 1033 1611 dr
1054 1537 1151 1629 quod
1167 1559 1300 1631 praepa·

238 1654 357 1711 ratum
369 1636 420 1709 est
435 1636 562 1728 lsrae13
579 1641 665 1712 iilu'd
676 1654 758 1713 tota
772 1654 894 1714 mente
907 1638 1110 1732 prospicio,
1129 1639 1227 1729 quod
1241 1637 1298 1710 su·

237 1751 360 1812 turum
395 1735 455 1811 est.
523 1737 559 1810 Si
587 1740 680 1812 enim
706 1740 750 1812 ad
775 1740 863 1811 iilud
886 1738 1076 1812 intendero
1116 1740 1300 1834 animum,

240 1839 387 1928 omnia,
412 1857 489 1927 quae
504 1837 541 1910 in
559 1838 632 1933 boc
651 1840 787 1912 mundo
810 1835 909 1932 sunt,
935 1838 1060 1912 dueam
1082 1854 1120 1910 ut
1133 1839 1298 1933 stercora,

241 1953 282 2008 αι
304 1935 462 2031 Christum
482 1938 706 2030 lucrifaciam,
742 1938 804 2032 quii
829 1937 1044 2032 praeparauit
1067 1936 1128 2008 illa
1145 1936 1299 2027 omnia,
1346 1934 1348 1942 ’

242 2055 320 2127 quae
334 2037 440 2108 aetus
459 2060 525 2107 nm
544 2040 660 2126 uidit,
683 2063 740 2110 ner
760 2041 851 2109 aurit
867 2042 1016 2126 audiuit,
1040 2056 1096 2110 nec
1116 2038 1154 2105 in
1170 2060 1226 2106 cor·
1244 2038 1300 2104 ho-
1348 2071 1350 2075 ·

231 2139 340 2206 ‹mim's
363 2136 519 2223 ascendit,
550 2142 609 2221 iis,
635 2144 695 2235 qur·
719 2140 858 2230 diligunr
881 2162 959 2213 eum.
1012 2134 1087 2208 Cor
1106 2154 1214 2230 ergo,
1246 2137 1300 2208 in·
1391 2139 1395 2145 ’

222 2236 345 2327 .quit‚
364 2255 482 2308 meum
495 2236 538 2309 ad
553 2237 613 2310 illa
628 2237 845 2409 eittenditur.
896 2236 987 2312 Non
1002 2235 1096 2310 enim
1111 2236 1227 2308 adhuc
1237 2235 1301 2308 hu·

238 2351 383 2410 matrum
402 2354 468 2406 cor
482 2354 591 2429 gero,
617 2359 641 2410 n
666 2359 735 2429 qne
755 2359 833 2428 quae
852 2338 1000 2431 cogito,
1026 2334 1218 2408 secundum
1231 2336 1300 2407 ho-

238 2434 373 2511 minem
391 2436 537 2529 cogito:
562 2432 619 2509 sad
642 2439 723 2530 quia
738 2437 929 2517 secundum
952 2434 1158 2533 scripturam
1174 2436 1223 2527 ii,
1255 2431 1301 2508 ad
1364 2482 1367 2492 ι

242 2553 335 2624 quos
353 2530 467 2627 sermo
485 2534 556 2608 Dei
578 2533 647 2628 fit,
675 2538 722 2608 dii
741 2536 842 2630 sunt,
867 2557 935 2609 nec
951 2556 1021 2632 ego
1036 2537 1111 2608 hoc
1126 2534 1301 2627 humana,

232 2630 306 2707 -sed-
318 2633 442 2707 divina
455 2647 577 2709 mente
595 2634 788 2731 prospicio.
977 2646 979 2650 ’
1164 2707 1168 2713 .

319 2750 355 2821 5.
385 2735 530 2807 Potentes
541 2736 668 2832 populi,
689 2736 858 2813 benedicite
876 2739 1071 2818 Dominum,
1086 2737 1152 2833 ¹qui
1165 2733 1303 2821 ascendi-

234 2831 295 2932 μὴ
315 2835 414 2929 super
430 2839 589 2932 jxmmra.
638 2834 741 2937 qu
763 2831 815 2909 est
831 2832 1020 2913 ascendisse
1040 2830 1142 2926 super
1164 2833 1301 2924 jumen·

233 2931 349 3009 turn?
377 2930 518 3026 Corpus
534 2933 607 3007 hoc
618 2954 736 3011 meum
749 2937 949 3027 jumentum
961 2933 1031 3008 ests
1058 2933 1102 3005 ad
1122 2932 1304 3024 adjumen-

234 3044 323 3105 mum
338 3032 455 3124 enim,
488 3033 586 3106 &ad
609 3033 838 3109 ministerium
857 3034 978 3107 datum
1002 3029 1071 3103 est:
1096 3052 1165 3134 ego
1183 3044 1303 3108 autem
1362 3128 1364 3133 Α

241 3130 341 3223 sum,
359 3131 405 3207 id
427 3130 503 3224 est,
528 3134 681 3206 interior
706 3135 848 3226 homo,
886 3135 946 3224 qui
967 3128 1106 3207 ascendi
1126 3128 1229 3222 super
1246 3132 1303 3223 ju·-

238 3233 516 3313 mentumhoc,
544 3235 600 3305 cui
616 3233 774 3326 dicitur,
807 3245 850 3305 ut
864 3231 1073 3307 benedicam
1091 3229 1301 3307 Dominum.

238 3329 275 3403 Si
292 3350 382 3428 ergo
399 3350 489 3403 vere
510 3329 690 3412 ascendisti
710 3331 812 3426 supra
829 3353 961 3426 corpus
978 3383 991 3424 ‚
1023 3329 1058 3402 ἃ
1077 3330 1236 3424 superior
1253 3329 1305 3404 ef-

238 3427 354 3505 sebius
372 3432 620 3521 corporalibus
639 3431 841 3525 desideriis,
868 3432 902 3505 dc
921 3443 1043 3504 motus
1063 3431 1231 3521 corporis
1249 3428 1304 3503 tui

239 3528 348 3603 freno
361 3531 492 3603 mentis
507 3530 540 3600 dr
553 3531 734 3613 interioris
748 3531 904 3604 hominis
917 3531 1159 3604 moderamine
1175 3531 1305 3623 guber.-

240 3643 388 3720 nantur,
415 3630 460 3703 de
475 3642 512 3701 te
527 3629 668 3722 dicitur,
695 3632 776 3722 quia
793 3628 972 3703 ascendisti
988 3625 1090 3720 super
1102 3629 1303 3720 jumentum

240 3728 347 3818 hoc,
382 3729 440 3799 cui
460 3727 615 3819 dicitur,
655 3743 695 3800 ut
717 3730 909 3803 benedicas
936 3726 1145 3804 Dominum.
1204 3730 1304 3824 Quid

243 3841 364 3905 autern¹
385 3827 463 3918 est,
494 3827 594 3918 quod
620 3825 806 3918 sequitur?
841 3833 944 3922 Super
966 3822 1135 3913 nortun,
1167 3828 1305 3918 inquit,

238 3929 401 4023 sedantes,
428 3924 689 4022 &superinsutas
709 3929 907 4020 refulgentes.
936 3927 1034 4026 Quid
1054 3925 1115 4000 fibi
1134 3927 1304 3999 videntur

245 4024 430 4102 eiseafinae
452 4027 706 4120 refulgentes?
740 4028 842 4101 Dicit
870 4026 964 4102 enim
984 4024 1183 4119 scriptura,
1223 4027 1307 4116 quia

243 4142 419 4220 oporteat
440 4127 664 4224 benedicere¹
683 4128 883 4229 Dominum
900 4147 966 4203 eos
988 4179 1002 4224 ,
1036 4127 1101 4222 qui
1115 4125 1245 4227 sedent
1258 4123 1320 4201 iu·

1203 4245 1285 4329 *per
1326 4260 1332 4273 κ
