3075 4875
225 435 229 449 ’
371 443 654 528 SELECTA
679 431 1099 522 1N;l>sAL‘M08.¹
1174 447 1242 522 281

189 612 266 688 hoc
279 610 421 686 solvere
439 609 545 685 facile
560 610 624 687 est.
676 609 770 685 Nam
783 609 843 702 qui
864 609 902 682 in
924 604 1163 681 deteriori-but
1180 601 1246 697 est,

185 708 286 787 -filiu's
306 712 459 786 hominis
482 710 552 785 elle
571 709 699 805 potest¹
715 710 907 795 secundum
930 704 1246 781 terrenum-homi:

190 834 306 900 nem3
342 814 363 882 li
377 826 502 885 autem
520 812 714 884 conversus
737 810 872 900 fuerit,
888 807 1003 906 ,qtmd
1024 825 1099 877 non
1111 802 1166 877 est
1182 806 1246 877 irn-
1345 855 1349 860 -

192 911 383 1009 pollibile,
408 906 485 982 lieri
508 911 627 1007 potest
647 907 740 983 filius
756 909 911 984 hominis
930 906 1118 981 secundum
1133 904 1250 978 homi·
1343 922 1346 928 ·

193 1032 279 1087 nem
299 1008 487 1085 celestem.
539 1006 832 1102 Huiusmodifilii
850 1011 1031 1082 hominurn
1050 1002 1253 1098 posteriore

196 1117 412 1204 acceptione
428 1128 509 1183 cum
532 1101 596 1182 filii
609 1110 679 1183 -srnt
703 1110 801 1201 eius,
827 1109 886 1204 qui
910 1109 955 1181 de
972 1121 1068 1183 terra
1084 1119 1249 1180 terrenus

196 1209 273 1300 est,
301 1214 407 1281 etiam
425 1210 525 1305 gravi
543 1212 654 1283 corde
670 1208 740 1283 else
754 1210 824 1281 dici
839 1207 1007 1302 poliunt,
1034 1206 1262 1302 diligereque'

197 1310 421 1400 vanitatem,
446 1329 488 1381 ac
505 1318 663 1399 querere
677 1309 913 1383 mendacium.
938 1304 1143 1381 Intellectus
1157 1309 1252 1380 enin

199 1410 314 1483 camis
332 1431 367 1479 m
383 1407 463 1501 iplis
485 1405 558 1501 est,
583 1409 834 1504 &corporeus
851 1425 977 1499 arnor,
1003 1405 1036 1478 dr
1054 1404 1253 1498 mendacii,
1320 1445 1325 1458 =

160 1565 162 1572 ,
199 1509 301 1602 quud
316 1508 460 1579 veritati
477 1510 695 1604 contrarium
708 1505 779 1603 est,
804 1507 995 1601 inquisitio.-
1028 1503 1143 1577 Gravi
1156 1508 1257 1602 quip-

200 1630 249 1705 pe
265 1606 376 1678 corde
392 1604 490 1697 sunt,
518 1608 579 1698 qui
592 1608 823 1698 sedentemin
846 1606 1017 1702 plumbeo
1032 1605 1171 1677 talento
1190 1602 1262 1679 ini-r

203 1706 376 1798 quitatem
386 1706 422 1778 in
441 1706 551 1779 corde
567 1708 719 1796 habent,
746 1728 824 1801 quae
840 1707 883 1781 ad
897 1702 1019 1779 infima
1036 1723 1185 1794 queque
1198 1707 1256 1779 de·

200 1809 275 1881 lata
298 1825 378 1878 cum
399 1803 579 1901 AEgyptiis
604 1808 641 1880 in
667 1806 766 1902 aquis
787 1804 1061 1882 vehementibus
1087 1799 1259 1878 fluorum

201 1906 308 1999 hujus
323 1905 579 1995 vitaetanquarn
591 1908 773 1998 plumbum
786 1908 1024 2002 demergetur.
1048 1901 1113 1975 Hir
1125 1914 1260 1999 autern,

204 2010 266 2098 qui
321 2006 380 2077 aVi
394 2005 507 2078 corde
519 2002 619 2098 sunt,
645 2008 818 2081 contrarii
834 2006 915 2081 sunt
929 2006 975 2097 ii,
1001 2004 1061 2093 qui
1079 2003 1185 2073 suave
1203 2005 1259 2099 Je-

204 2104 245 2178 su
258 2024 386 2176 Cirrristi
401 2104 524 2202 iugum
542 2102 691 2184 subiere.
715 2107 829 2181 Forte
848 2108 975 2196 etiam,
999 2103 1084 2194 ¹quia
1102 2097 1262 2197 discipuli
1349 2152 1351 2156 -

206 2200 270 2279 filii
285 2202 365 2276 sunt
380 2205 634 2298 praeceptoria,
660 2206 694 2279 dr
711 2213 952 2303 praeceptores
969 2203 1155 2297 imaginem
1175 2201 1262 2277 &fi-

206 2302 441 2381 militudinem
453 2303 525 2377 Dei
537 2320 678 2399 gerunt,
696 2307 835 2400 idcirco
849 2308 907 2399 qui
920 2307 1099 2380 docentur
1108 2301 1266 2397 quidem,

208 2401 269 2478 sed
284 2404 565 2503 preceptoribus
584 2404 679 2502 digni
694 2428 769 2481 non
786 2406 885 2498 sunt,
912 2405 935 2478 ii
948 2420 1115 2494 tanquam
1126 2396 1189 2478 filii
1199 2404 1267 2479 ho·

208 2505 344 2579 minum
364 2502 398 2575 dr
418 2505 519 2598 gravi
540 2506 652 2578 corde
664 2507 846 2602 obiurgari
863 2503 1026 2600 poliunt,
1055 2501 1154 2593 quod
1169 2505 1267 2579 obla·

192 2618 198 2658 -·
210 2600 342 2676 tasrsrbi
353 2600 397 2673 ad
407 2623 473 2676 cor
483 2605 743 2680 emundandum
752 2606 963 2679 ,occalioneo
973 2603 1117 2677 minime
1128 2601 1267 2696 sequuti
1285 2631 1291 2639 ¹

211 2702 292 2778 srnr.
320 2700 406 2773 Mos
419 2704 513 2799 enim
524 2705 700 2797 inolevit,
726 2719 793 2798 ut,
820 2696 1289 2798 quiinstituuntur&prae··'
1332 2702 1345 2772 ’.
1378 2734 1381 2741 ·

175 2816 178 2825 ’
213 2814 322 2894 cepta
341 2800 404 2874 srbi
417 2801 545 2874 tradita
562 2802 863 2894 nonsequuntur,
888 2805 939 2875 ob
951 2801 1070 2873 cordis
1085 2799 1270 2899 craffitiern

191 2904 541 2994 ,apraeceptoribus
563 2903 664 2997 gravi
684 2903 798 2976 corde
823 2901 982 2996 discipuli
1005 2915 1291 2994 nuncupentur„
1371 2950 1373 2954 ν

214 2999 359 3077 Idcirco
379 3013 542 3091 quaerunt
560 3003 666 3076 etiam
688 3002 938 3094 mendacium,
963 3001 1095 3097 quippe
1117 3001 1272 3091 quinon
1336 3070 1340 3077 .

215 3099 368 3173 videant
394 3103 598 3175 veritatem.
656 3104 767 3201 Quod
788 3102 813 3176 li
834 3101 1059 3176 reconditior
1076 3096 1192 3173 sensus
1215 3097 1274 3172 ad·

218 3197 403 3273 ducendus
428 3197 505 3290 est,
532 3202 699 3292 quoniam
716 3203 856 3276 veritas
871 3200 921 3276 est
941 3200 1136 3291 Salvator,
1161 3200 1278 3291 liquet

171 3304 174 3309 ⁴
194 3358 198 3365 .
217 3303 252 3374 ei
269 3297 450 3383 inimicum
465 3298 536 3373 elie
552 3299 747 3377 sermonem
758 3301 988 3393 mendacem,
1014 3299 1074 3390 qui
1087 3299 1279 3373 veritatem

218 3398 435 3495 pollicetur,
453 3419 556 3489 quem
566 3397 654 3492 sepe
661 3400 819 3493 Joannes
833 3402 995 3475 nominat
1006 3396 1278 3477 Antichristum.

220 3498 259 3571 Si
279 3516 372 3569 vero
391 3499 467 3589 quis
488 3520 533 3573 ex
551 3500 741 3593 periphrasr
760 3500 891 3574 dicium
909 3499 979 3589 elle
997 3500 1108 3590 velit,
1127 3501 1199 3589 filii
1226 3503 1282 3571 lu-

219 3621 367 3677 minum,
392 3619 483 3691 pto,
509 3603 667 3687 himine,
694 3599 751 3693 id,
777 3600 874 3691 quod
884 3601 1094 3690 plerumque
1105 3598 1147 3670 in
1166 3598 1283 3672 homi·

221 3703 332 3774 nibus
354 3696 432 3787 est,
459 3719 525 3769 cor
549 3718 661 3793 grave
679 3697 974 3790 reprehenditur,
1000 3710 1042 3769 ut
1063 3694 1199 3788 abiec'ta'
1216 3695 1291 3794 (fre

223 3794 371 3892 dicam)
395 3798 469 3889 ejus
492 3795 660 3877 surditate
679 3798 948 3896 intelligentiam
974 3795 1218 3890 assequantur,
1249 3797 1285 3869 dc

219 3894 324 3974 'stiam
342 3894 519 3972 solertiam
542 3895 601 3970 seu
616 3897 803 3990 querendi*
814 3899 887 3971 vim
905 3899 1044 3971 arebus
1061 3899 1206 3977 minime
1224 3916 1288 3969 ne·

226 3995 410 4085 cellariis,
437 4016 586 4087 queque
609 4019 735 4071 omnes
755 3997 898 4089 fallaces
916 3995 1023 4088 sunt,
1058 4007 1289 4088 avertentes,

229 4099 360 4187 adea,
388 4115 463 4185 quae
477 4094 667 4173 neceffaria
687 4097 788 4190 sunt,
815 4097 1027 4189 adhibeant,
1050 4095 1299 4171 &veritatem

245 4198 428 4292 uquirant
524 4269 530 4278 ,
613 4286 616 4291 ¹
787 4194 858 4293 ὃς
1130 4192 1272 4262 Μει-
