3075 4875
270 433 318 512 ae
577 355 1170 529 ,ontearurtffiss
1277 427 1280 444 ·

269 605 349 661 non
360 596 548 679 putemus,
575 585 675 677 quod
685 584 749 660 iste
767 584 862 659 solus
878 582 1073 662 retrorsum
1089 604 1263 658 corruens
1277 608 1340 659 ex·

270 683 484 780 spiraverit,
513 681 572 757 sed
590 687 623 757 δι
639 707 736 759 nunc
758 687 782 760 sr
804 688 881 777 quis
904 684 1099 758 retrorsum
1121 686 1282 779 corruit,
1308 686 1338 762 fi

272 786 350 878 quic
368 801 467 857 retro
483 786 711 859 convertitur
729 810 748 859 a
764 784 836 858 side
853 786 885 858 dr
900 785 1076 876 veritate,
1103 784 1243 858 necesse
1260 784 1339 879 est,

271 899 314 958 ut
327 883 452 976 cadat,
480 884 514 957 dr
536 900 578 957 ut
599 888 777 960 continuo
797 887 983 958 moriatur.
1035 884 1105 957 Sed
1125 884 1158 955 &
1178 886 1216 955 in
1237 885 1339 957 Deu-

271 986 484 1059 teronomio
499 987 733 1066 comminatio
749 986 1002 1077 peccatoribus
1015 983 1237 1075 intentatur,
1254 1007 1338 1059 cum

272 1085 422 1158 dicitur:
453 1085 501 1156 Et
517 1085 730 1181 opisthotonus
745 1086 941 1176 infhnaiilr's.
995 1082 1263 1178 Opisthotonus
1278 1081 1340 1180 au'-

270 1197 346 1258 tem
362 1184 452 1279 tergi
469 1184 712 1280 egri-tudinem
729 1188 763 1259 dr
780 1185 1020 1278 posteriorum
1039 1184 1191 1276 partium
1210 1179 1339 1286 fignifi-

167 1317 169 1324 >
194 1305 199 1314 ·
271 1298 353 1374 cat,
381 1285 558 1374 &utique
578 1289 654 1358 non
673 1286 745 1359 srne
768 1283 891 1377 causa,
921 1292 1083 1382 cumtto't
1105 1302 1237 1378 genera
1255 1287 1338 1372 ian-

270 1381 394 1479 guoris
410 1383 609 1456 habeantur
625 1386 789 1479 humaui,
815 1385 889 1458 hoc
904 1382 1115 1478 porrffimum
1133 1404 1245 1477 genus
1260 1386 1339 1462 ian·

269 1482 393 1579 guoris
413 1480 620 1556 adscribitur
636 1484 836 1577 peccatori.
885 1483 981 1558 Nam
998 1482 1032 1555 dr
1047 1482 1084 1554 in
1098 1480 1228 1555 Genesi
1241 1502 1339 1555 uxor

268 1582 393 1675 Loth,
410 1603 487 1673 quae
504 1597 606 1655 retro
626 1575 803 1659 conuersa
819 1582 887 1676 est,
906 1575 1068 1656 divinum
1081 1582 1211 1653 dicitur
1224 1596 1339 1655 trans·
1361 1581 1364 1598 ’

269 1678 380 1776 gressa
398 1695 641 1778 praeceptum,
668 1706 749 1778 quo
767 1686 801 1758 ei
824 1684 1029 1759 mandatum
1051 1680 1191 1774 suerat,
1217 1704 1263 1755 ne
1280 1704 1337 1778 re·¹

268 1778 435 1864 trorsum,
444 1779 661 1880 respiceret,
695 1806 792 1859 neve
808 1783 916 1858 staret
931 1785 968 1855 in
989 1782 1087 1855 omni
1103 1782 1274 1877 regione,
1302 1782 1338 1855 dt

248 1880 353 1953 *ideo
374 1878 501 1955 effedla
517 1882 568 1958 est
586 1882 787 1958 staticulum
805 1883 895 1959 sali's.
945 1882 1125 1954 Dominus
1141 1882 1336 1973 quoque&

268 1977 438 2054 Salvator
461 1981 585 2057 noster
612 1987 648 2067 in
674 1983 913 2081 Euangeliou¹
931 1985 1052 2070 Nemo,
1085 1979 1226 2073 inquit,
1258 1988 1338 2053 mir·

181 2129 184 2138 ·
268 2095 343 2164 trus
364 2105 494 2174 martum
509 2084 601 2172 suam
625 2088 663 2153 r‘rr
682 2101 857 2171 aratrum,
882 2081 922 2164 θ’
946 2098 1035 2153 retro
1058 2082 1220 2177 respiciens
1239 2098 1336 2180 aptus

267 2178 307 2276 erl
328 2203 420 2272 reguo
439 2185 514 2253 uer.
564 2180 711 2276 insuper
730 2203 898 2275 quoque,
926 2202 1008 2276 cum
1023 2179 1068 2253 de
1087 2184 1247 2273 pluribus
1270 2183 1337 2254 do·

269 2276 419 2373 cuiffet,
458 2280 555 2360 addit
578 2285 613 2355 dt
630 2285 734 2375 hoc,
761 2282 909 2356 dicens:
943 2287 1103 2352 Mentores
1118 2282 1205 2378 eriere
1223 2288 1336 2353 uxoris

269 2381 372 2450 Lern.
426 2379 613 2473 Optimum
626 2381 734 2477 igitur
749 2380 800 2456 est
817 2378 1141 2477 obliviscipriora,
1161 2381 1337 2474 ,obliuisci

266 2479 470 2572 praeterita,
497 2485 549 2552 uti
564 2503 610 2554 ne
622 2483 905 2574 comprehendat
918 2503 986 2554 nos
1003 2479 1258 2572 opisthotonos
1279 2482 1334 2555 in·

266 2575 427 2671 sanabilis
457 2582 632 2675 languor,
675 2603 794 2673 neque
828 2582 992 2656 cadamus
1019 2579 1215 2655 retrorsum
1244 2582 1360 2657 srcut¹

267 2676 375 2767 Heli,
402 2678 660 2755 &moriamur
777 2747 779 2754 ,
970 2726 973 2737 =
1095 2713 1097 2722 ·
1154 2708 1158 2720 ·
1316 2721 1318 2725 -

341 2800 375 2868 7.
403 2777 455 2849 Ibi
474 2795 592 2854 autem
613 2794 714 2853 erant
737 2780 811 2854 duo
828 2776 891 2854 filii
906 2778 1002 2854 Heli.
1052 2777 1137 2853 Heli
1158 2778 1340 2869 interpre·-
1361 2860 1363 2865 ,

266 2873 516 2961 tarataram,
542 2881 616 2952 srva
634 2883 819 2955 extrarius.
869 2876 1333 2974 ExtrariusquippeaDeo

175 3026 178 3033 ,
266 2975 338 3070 est,
366 2979 521 3069 quinon
540 2992 643 3053 tenet
665 2979 904 3074 disciplinam,
932 2978 991 3070 qui
1013 2977 1278 3070 delinquentem
1292 2975 1334 3053 fi-

264 3076 351 3148 lium
374 3097 451 3152 nou
479 3078 650 3176 castigat,
680 3101 756 3151 non
775 3080 954 3172 corripit,
979 3093 1021 3148 ut
1045 3079 1237 3152 emendet:
1271 3082 1334 3171 qui

187 3220 190 3227 -
264 3175 427 3269 indulget
445 3178 563 3269 vitiis,
592 3182 651 3270 qui
670 3175 796 3251 desidia
816 3199 893 3253 non
912 3177 1040 3271 punit,
1068 3178 1156 3251 sicut
1174 3179 1208 3251 dr
1226 3177 1332 3272 Apo·

263 3273 377 3346 stolus
394 3275 480 3346 dicit
491 3297 515 3347 :r
525 3278 655 3371 Quodfi
670 3293 763 3348 extra
785 3279 980 3374 disciplinam
997 3278 1090 3374 estis,
1116 3285 1206 3376 cujrr's
1225 3285 1334 3374 porti·

262 3377 340 3467 cipes
349 3371 437 3465 salii
455 3374 533 3455 [unt
551 3401 683 3466 omues,
716 3402 784 3471 ergo
800 3380 1000 3464 adulterini,
1025 3377 1065 3454 Θ
1086 3402 1153 3447 raon
1163 3381 1235 3470 filii
1249 3380 1332 3476 estis.

176 3517 180 3523 -
260 3470 330 3544 Iste
347 3470 398 3544 est
421 3493 509 3571 ergo
533 3475 643 3570 Heli,
677 3478 737 3567 qui
760 3492 912 3570 propter
931 3477 1008 3549 haec
1032 3479 1179 3572 punitur
1197 3502 1216 3550 a
1232 3476 1329 3555 Deo.

261 3571 458 3645 Videamus
474 3587 614 3668 autem,
641 3577 701 3667 qui
719 3574 799 3649 sunt
818 3573 929 3650 &filii
945 3575 1032 3666 ejus.
1061 3576 1172 3669 Osni,
1188 3579 1329 3674 inquit,

167 3677 170 3683 “
261 3669 297 3742 dr
318 3668 458 3747 Finees.
514 3675 780 3768 Interpretatur
804 3690 923 3749 autem
948 3675 1037 3749 Ofni
1058 3675 1217 3749 excessus
1241 3698 1329 3751 con·

262 3769 450 3845 versronis.
503 3774 561 3846 De
582 3774 753 3849 Fenenna
774 3790 892 3850 autern
916 3777 1024 3869 paulo
1049 3790 1132 3847 ante
1153 3777 1330 3871 diximus,

262 3869 362 3959 quod
387 3868 474 3942 esset
502 3875 718 3947 conuersro:
752 3876 812 3947 hic
833 3891 973 3967 autem,
1008 3877 1068 3966 qui
1094 3877 1259 3966 excedit,
1295 3876 1331 3950 dt

263 3969 376 4064 longe
396 3968 546 4043 efficitur
567 3973 609 4045 ab
622 3973 911 4065 emendatione,
925 3993 994 4046 nec
1011 3975 1181 4048 converti
1192 3977 1273 4048 vult
1287 3977 1332 4051 ad

173 4112 202 4179 ⁴.
261 4064 484 4167 Dominum,
508 4088 705 4170 propterea
719 4073 848 4168 impius
860 4089 1073 4168 permanet..
1111 4073 1234 4149 Sed&
1254 4078 1332 4168 qui·

419 4226 421 4231 .
1181 4195 1279 4255 curn·
