3075 4875
381 363 669 549 {ennena
695 364 1104 509 rra-isaurios(
1143 425 1161 476 ⁹
1195 451 1265 530 339

200 608 280 683 ιιιι,
306 593 343 665 in
361 564 549 685 pulverem
571 607 691 667 tamen
706 592 856 667 dedudla
872 593 947 688 est,
974 613 1051 666 non
1073 590 1198 686 secur,
1221 611 1268 667 ao

201 714 328 793 eorum
356 695 494 788 gloria,
520 696 580 785 qui
606 694 783 787 quidpiam
799 693 967 788 faciunt,
993 708 1035 767 ut
1057 693 1265 799 gloriam&
1293 732 1295 734 .
1326 731 1330 740 ·

200 794 341 865 laudem
358 794 457 890 vulgi
474 807 642 887 captent,
670 794 703 866 dr
720 797 762 866 ab
781 793 849 875 illis
866 782 1125 887 approbentur.

281 894 417 985 Exsurge
438 900 573 964 Domine
586 918 622 963 m
638 899 688 965 ira
701 881 781 985 rea,
801 896 840 969 U
857 896 1051 966 exaltarem
1057 895 1266 985 finabusrm'·

201 999 350 1062 mirorum
372 1017 532 1080 meorum,
550 990 642 1087 σι]
693 992 785 1065 lstud
799 994 929 1087 exsurge
950 1014 1028 1065 non
1055 1014 1265 1090 corporeo,

201 1092 326 1166 sedeo
348 1093 593 1184 accipiendam
613 1092 663 1166 est
677 1090 795 1188 sensu,
820 1115 881 1185 qur
871 1093 1084 1167 vindillam
1105 1094 1166 1167 dc
1156 1110 1268 1166 inter

203 1190 598 1289 mmmmm.

283 1294 459 1389 Ejusdem]
493 1292 556 1364 Si
547 1314 599 1365 rra
617 1291 686 1365 Dei
700 1292 851 1408 corripit
863 1311 949 1389 eos,
975 1292 1035 1384 qui
1055 1292 1131 1384 ejus
1145 1293 1266 1366 verbo

205 1412 339 1487 corripi
331 1393 563 1464 noluerunt
557 1392 645 1486 ‚is‚
673 1415 730 1483 qui
723 1392 947 1482 h'aecdc'it‚
973 1395 1170 1465 nonnullos
1186 1414 1269 1464 cor·
1304 1410 1307 1417 ·

203 1494 272 1585 ripi
288 1507 403 1607 rogat.
415 1483 631 1607 Quando
631 1513 722 1563 vero
737 1489 844 1564 linem
859 1512 900 1564 ac
915 1477 1103 1565 terminum
1120 1485 1270 1607 accepe-

202 1593 252 1662 rit
272 1593 475 1682 inimicitia,
499 1592 650 1665 inimicis
667 1590 818 1664 Christi
805 1613 876 1684 Jam
861 1585 1066 1683 deletiss
1056 1613 1093 1664 in
1106 1591 1212 1683 ipfis
1203 1592 1273 1664 mi-

205 1693 383 1766 micorum
409 1687 540 1763 finibus
565 1689 743 1764 Dominus
767 1695 971 1781 exaltatur,
1004 1645 1086 1761 u'in
1104 1692 1269 1781 quolibet
1304 1684 1307 1696 '

206 1812 356 1881 eorum,
384 1792 442 1879 qui
468 1803 625 1887 propter
640 1791 809 1864 malitiam
831 1788 1007 1862 Christo
997 1792 1130 1862 mimici
1150 1804 1268 1883 erant,

204 1890 387 1963 Dominus
409 1889 651 1973 extollitur,
642 1892 825 1963 inimicitia
841 1886 949 1962 finem
965 1890 1144 1983 capiente,
1160 1907 1269 1982 atque

206 1992 506 2062 reconciliatione
520 1990 747 2105 amicitiaque
767 1989 1008 2065 exordiente
1043 1983 1164 2062 Simile
1184 1988 1295 2083 quid*

208 2090 305 2163 dices
324 2091 440 2161 &de
431 2089 581 2163 mimicis
591 2090 685 2183 J'usti

288 2191 427 2283 Exsurge
446 2194 582 2259 Domine
601 2194 689 2260 Deus
701 2210 788 2259 meur
802 2192 1017 2284 inprompto,
1044 2187 1123 2285 quod
1139 2160 1275 2257 mande

203 2288 267 2403 [li
295 2287 332 2364 (5
349 2290 500 2382 synagoge
521 2291 700 2387 populorum
723 2289 924 2359 circumdabit
944 2304 995 2374 te,
1021 2285 1127 2377 Ua]
1163 2285 1272 2381 Quasi

209 2389 328 2483 dicat,
354 2409 434 2460 cum
451 2405 654 2484 praecept0,
682 2389 780 2481 quod
801 2385 991 2480 mandasti,
1018 2385 1184 2483 exsurge,
1212 2388 1273 2459 de·

210 2491 344 2561 clarans
358 2489 445 2560 illud
464 2489 721 2581 potestatibus,
749 2510 826 2582 quae
847 2490 1071 2583 populorum
1084 2487 1273 2584 synagogae
1324 2560 1330 2579 x

210 2587 817 2681 twmmmmjwmffiu.

289 2690 336 2760 El
352 2691 605 2785 proprerharrc
593 2691 744 2760 ruralium
764 2682 928 2782 regredere.
977 2691 1072 2758 nomi
1061 2710 1134 2757 arus
1149 2687 1276 2779 judicer·
1335 2707 1351 2739 ι·

202 2789 347 2888 populos,
374 2788 460 2879 dre]
512 2788 553 2862 In
573 2792 705 2882 altum,
724 2788 820 2862 unde
837 2786 1043 2860 descendisti
1051 2785 1291 2915 ,regredere
1342 2848 1345 2853 ,

210 2886 294 2983 post
311 2885 616 2962 resurrediionem

179 2993 180 2996 ’
289 2983 475 3084 Ejusdem]
530 2991 608 3060 Cum
624 2984 1067 3080 exaltarusfum,1nquit;
1085 2990 1191 3056 omnia
1205 3001 1275 3058 tra·

211 3089 288 3158 leam
305 3091 344 3156 ad
361 3111 431 3163 mer
425 3087 540 3184 'p.sum

247 3188 526 3270 Consummerur
549 3191 697 3285 nequitia
720 3202 934 3282 peccatorum,
960 3185 1053 3279 oc]
1109 3183 1275 3302 Quando

215 3286 372 3376 aliquis
361 3309 431 3377 Jam
453 3288 600 3380 amplius
622 3307 698 3360 non
720 3303 870 3403 peccat,
897 3301 985 3358 tunc
1008 3288 1084 3376 ejus
1107 3285 1275 3374 iniquitas

209 3380 499 3557 consummatum
525 3389 587 3460 vel
602 3388 709 3461 etiam
722 3387 889 3480 iniquitas
904 3400 1138 3480 peccatorum
1153 3384 1277 3458 diabo-

211 3486 353 3559 Μὴ
536 3539 539 3544 -

180 3642 200 3650 ,
290 3584 366 3678 Niss
380 3586 516 3677 converfi
527 3586 685 3677 fueritis,
711 3584 821 3678 usque
837 3586 880 3657 ad
893 3583 1162 3671 illud'descmder,
1182 3581 1275 3674 Ua]

213 3681 328 3758 Forte
352 3686 428 3758 haec
452 3686 564 3760 tacite
584 3687 628 3759 de
648 3684 795 3758 diabolo
820 3685 911 3774 didia
926 3683 1018 3761 sunt.
1069 3685 1141 3758 Hic
1165 3684 1276 3775 enim,
1344 3736 1366 3767 ,,

216 3805 298 3856 cum
320 3784 391 3878 ipsa
405 3788 455 3858 ira
472 3784 534 3875 fit,
561 3786 724 3879 parturiit
736 3784 963 3876 injustitiam
991 3783 1179 3876 &caetera
1198 3792 1288 3873 quae'

213 3883 421 3973 sequuntur.
480 3882 586 3957 Pater
606 3896 723 3958 autem
750 3885 865 3976 illius,
894 3885 959 3975 qui
979 3882 1087 3956 dixit:
1126 3885 1187 3976 Ego
1210 3877 1277 3968 lum

213 3990 307 4061 vira
334 4005 409 4055 non
435 3998 536 4074 parat
559 3985 596 4056 in
617 4004 701 4056 arcu
719 3982 783 4055 fuo
808 3982 888 4054 vasa
906 3984 1057 4074 mortis,
1084 3981 1141 4053 sed
1171 3979 1280 4094 ponit

180 4119 184 4123 ·
214 4103 336 4158 arcum
355 4081 484 4160 suum
474 4105 511 4158 m
532 4086 649 4178 nube,
675 4086 814 4253 utvnon
836 4081 982 4156 inducat
1006 4102 1131 4174 aquam
1154 4073 1279 4152 diluvii
1342 4148 1344 4152 ,

307 4228 311 4236 ’
498 4226 501 4231 ·
772 4201 793 4256 2
1188 4200 1240 4249 m
