<?xml version="1.0" encoding="UTF-8"?>
<!DOCTYPE html PUBLIC "-//W3C//DTD XHTML 1.0 Transitional//EN"
    "http://www.w3.org/TR/xhtml1/DTD/xhtml1-transitional.dtd">
<html xmlns="http://www.w3.org/1999/xhtml" xml:lang="en" lang="en">
 <head>
  <title>
</title>
<meta http-equiv="Content-Type" content="text/html;charset=utf-8" />
  <meta name='ocr-system' content='tesseract 3.04.00' />
  <meta name='ocr-capabilities' content='ocr_page ocr_carea ocr_par ocr_line ocrx_word'/>
</head>
<body>
  <div class='ocr_page' id='page_1' title='image "./operaomniasanct09unkngoog_0175.png"; bbox 0 0 3075 4875; ppageno 0'>
   <div class='ocr_carea' id='block_1_1' title="bbox 200 336 1364 654">
    <p class='ocr_par' dir='ltr' id='par_1_1' title="bbox 200 336 1364 654">
     <span class='ocr_line' id='line_1_1' title="bbox 376 336 1364 487; baseline -0.001 -20"><span class='ocrx_word' id='word_1_1' title='bbox 376 389 444 469; x_wconf 87' lang='lat' dir='ltr'>ru</span> <span class='ocrx_word' id='word_1_2' title='bbox 467 336 839 469; x_wconf 59' lang='lat' dir='ltr'>trisenon-u.</span> <span class='ocrx_word' id='word_1_3' title='bbox 865 388 1015 468; x_wconf 86' lang='lat' dir='ltr'>uoru.</span> <span class='ocrx_word' id='word_1_4' title='bbox 1041 389 1088 468; x_wconf 58' lang='grc' dir='ltr'>ιι</span> <span class='ocrx_word' id='word_1_5' title='bbox 1184 381 1265 487; x_wconf 76' lang='lat'>&#39;117</span> <span class='ocrx_word' id='word_1_6' title='bbox 1361 397 1364 404; x_wconf 92' lang='lat'><em>·</em></span> 
     </span>
     <span class='ocr_line' id='line_1_2' title="bbox 200 510 1287 654; baseline -0.006 -20"><span class='ocrx_word' id='word_1_7' title='bbox 200 565 431 634; x_wconf 88' lang='lat' dir='ltr'>mortuorum</span> <span class='ocrx_word' id='word_1_8' title='bbox 444 524 588 649; x_wconf 86' lang='lat' dir='ltr'>animae,</span> <span class='ocrx_word' id='word_1_9' title='bbox 614 554 779 630; x_wconf 63' lang='lat' dir='ltr'>audacter</span> <span class='ocrx_word' id='word_1_10' title='bbox 790 554 927 645; x_wconf 88' lang='lat' dir='ltr'>dicam,</span> <span class='ocrx_word' id='word_1_11' title='bbox 949 510 1176 649; x_wconf 55' lang='lat' dir='ltr'>indigebant,</span> <span class='ocrx_word' id='word_1_12' title='bbox 1192 519 1287 654; x_wconf 16' lang='lat' dir='ltr'>Sed·-</span> 
     </span>
    </p>
   </div>
   <div class='ocr_carea' id='block_1_2' title="bbox 160 649 1354 4234">
    <p class='ocr_par' dir='ltr' id='par_1_2' title="bbox 200 649 1354 2346">
     <span class='ocr_line' id='line_1_3' title="bbox 201 649 1264 750; baseline -0.008 -19"><span class='ocrx_word' id='word_1_13' title='bbox 201 658 261 731; x_wconf 85' lang='lat' dir='ltr'>hic</span> <span class='ocrx_word' id='word_1_14' title='bbox 274 656 418 750; x_wconf 69' lang='lat' dir='ltr'>quidem</span> <span class='ocrx_word' id='word_1_15' title='bbox 427 655 638 728; x_wconf 79' lang='lat' dir='ltr'>necessarius</span> <span class='ocrx_word' id='word_1_16' title='bbox 650 657 701 731; x_wconf 85' lang='lat' dir='ltr'>est</span> <span class='ocrx_word' id='word_1_17' title='bbox 715 656 897 748; x_wconf 84' lang='lat' dir='ltr'>Propheta</span> <span class='ocrx_word' id='word_1_18' title='bbox 910 649 1036 734; x_wconf 84' lang='lat' dir='ltr'>lsrael,</span> <span class='ocrx_word' id='word_1_19' title='bbox 1060 652 1164 743; x_wconf 84' lang='lat' dir='ltr'>&amp;qui</span> <span class='ocrx_word' id='word_1_20' title='bbox 1180 649 1264 725; x_wconf 69' lang='lat' dir='ltr'>dor:</span> 
     </span>
     <span class='ocr_line' id='line_1_4' title="bbox 200 750 1264 851; baseline -0.006 -20"><span class='ocrx_word' id='word_1_21' title='bbox 200 756 303 848; x_wconf 88' lang='lat' dir='ltr'>mit,·.</span> <span class='ocrx_word' id='word_1_22' title='bbox 316 750 536 846; x_wconf 79' lang='lat' dir='ltr'>&#39;disceditque</span> <span class='ocrx_word' id='word_1_23' title='bbox 548 777 595 828; x_wconf 85' lang='lat' dir='ltr'>ex</span> <span class='ocrx_word' id='word_1_24' title='bbox 604 757 670 829; x_wconf 86' lang='lat' dir='ltr'>bac</span> <span class='ocrx_word' id='word_1_25' title='bbox 683 757 780 849; x_wconf 90' lang='lat' dir='ltr'>vita,</span> <span class='ocrx_word' id='word_1_26' title='bbox 802 755 984 851; x_wconf 86' lang='lat' dir='ltr'>indigebat</span> <span class='ocrx_word' id='word_1_27' title='bbox 993 750 1205 844; x_wconf 88' lang='lat' dir='ltr'>Prophetis,</span> <span class='ocrx_word' id='word_1_28' title='bbox 1221 765 1264 825; x_wconf 86' lang='lat' dir='ltr'>ut</span> 
     </span>
     <span class='ocr_line' id='line_1_5' title="bbox 202 843 1263 947; baseline -0.004 -18"><span class='ocrx_word' id='word_1_29' title='bbox 202 843 269 930; x_wconf 75' lang='lat' dir='ltr'>elia</span> <span class='ocrx_word' id='word_1_30' title='bbox 282 855 430 926; x_wconf 80' lang='lat' dir='ltr'>ratione</span> <span class='ocrx_word' id='word_1_31' title='bbox 439 856 500 947; x_wconf 88' lang='lat' dir='ltr'>ipli</span> <span class='ocrx_word' id='word_1_32' title='bbox 513 851 642 930; x_wconf 88' lang='lat' dir='ltr'>Christi</span> <span class='ocrx_word' id='word_1_33' title='bbox 658 859 852 927; x_wconf 87' lang='lat' dir='ltr'>adventum</span> <span class='ocrx_word' id='word_1_34' title='bbox 868 853 1160 928; x_wconf 84' lang='lat' dir='ltr'>vaticinarentur.</span> <span class='ocrx_word' id='word_1_35' title='bbox 1189 850 1263 925; x_wconf 87' lang='lat' dir='ltr'>An·</span> 
     </span>
     <span class='ocr_line' id='line_1_6' title="bbox 202 946 1264 1050; baseline -0.004 -20"><span class='ocrx_word' id='word_1_36' title='bbox 202 968 240 1030; x_wconf 82' lang='lat' dir='ltr'>te</span> <span class='ocrx_word' id='word_1_37' title='bbox 261 954 415 1026; x_wconf 85' lang='lat' dir='ltr'>Domini</span> <span class='ocrx_word' id='word_1_38' title='bbox 425 946 503 1026; x_wconf 70' lang='lat' dir='ltr'>&#39;mei</span> <span class='ocrx_word' id='word_1_39' title='bbox 522 954 605 1050; x_wconf 83' lang='lat' dir='ltr'>Jesu</span> <span class='ocrx_word' id='word_1_40' title='bbox 624 953 750 1028; x_wconf 86' lang='lat' dir='ltr'>Christi</span> <span class='ocrx_word' id='word_1_41' title='bbox 765 956 961 1032; x_wconf 83' lang='lat' dir='ltr'>adventum</span> <span class='ocrx_word' id='word_1_42' title='bbox 984 952 1117 1042; x_wconf 86' lang='lat' dir='ltr'>nemini</span> <span class='ocrx_word' id='word_1_43' title='bbox 1141 951 1264 1027; x_wconf 87' lang='lat' dir='ltr'>datum</span> 
     </span>
     <span class='ocr_line' id='line_1_7' title="bbox 200 1051 1264 1147; baseline -0.005 -21"><span class='ocrx_word' id='word_1_44' title='bbox 200 1066 301 1142; x_wconf 85' lang='lat' dir='ltr'>erat,</span> <span class='ocrx_word' id='word_1_45' title='bbox 328 1055 387 1124; x_wconf 91' lang='lat' dir='ltr'>ubi</span> <span class='ocrx_word' id='word_1_46' title='bbox 403 1054 534 1147; x_wconf 89' lang='lat' dir='ltr'>lignum</span> <span class='ocrx_word' id='word_1_47' title='bbox 551 1056 635 1128; x_wconf 85' lang='lat' dir='ltr'>vitae</span> <span class='ocrx_word' id='word_1_48' title='bbox 649 1070 744 1146; x_wconf 87' lang='lat' dir='ltr'>erat,</span> <span class='ocrx_word' id='word_1_49' title='bbox 762 1052 990 1147; x_wconf 81' lang='lat' dir='ltr'>pretergredi</span> <span class='ocrx_word' id='word_1_50' title='bbox 1001 1051 1062 1142; x_wconf 83' lang='lat' dir='ltr'>,dt</span> <span class='ocrx_word' id='word_1_51' title='bbox 1078 1054 1136 1126; x_wconf 79' lang='lat' dir='ltr'>illa</span> <span class='ocrx_word' id='word_1_52' title='bbox 1149 1068 1264 1122; x_wconf 89' lang='lat' dir='ltr'>trans-</span> 
     </span>
     <span class='ocr_line' id='line_1_8' title="bbox 202 1149 1261 1251; baseline -0.001 -24"><span class='ocrx_word' id='word_1_53' title='bbox 202 1152 322 1251; x_wconf 80' lang='lat' dir='ltr'>gredi,</span> <span class='ocrx_word' id='word_1_54' title='bbox 340 1152 494 1242; x_wconf 88' lang='lat' dir='ltr'>quaeviae</span> <span class='ocrx_word' id='word_1_55' title='bbox 506 1153 593 1247; x_wconf 86' lang='lat' dir='ltr'>ligni</span> <span class='ocrx_word' id='word_1_56' title='bbox 604 1155 686 1235; x_wconf 85' lang='lat' dir='ltr'>vitae</span> <span class='ocrx_word' id='word_1_57' title='bbox 704 1153 941 1226; x_wconf 84' lang='lat' dir='ltr'>custodiendae</span> <span class='ocrx_word' id='word_1_58' title='bbox 950 1149 1134 1244; x_wconf 74' lang='lat' dir='ltr'>praeposita</span> <span class='ocrx_word' id='word_1_59' title='bbox 1146 1166 1261 1226; x_wconf 87' lang='lat' dir='ltr'>erant.</span> 
     </span>
     <span class='ocr_line' id='line_1_9' title="bbox 203 1248 1262 1351; baseline -0.005 -27"><span class='ocrx_word' id='word_1_60' title='bbox 203 1253 294 1351; x_wconf 89' lang='lat' dir='ltr'>Quis</span> <span class='ocrx_word' id='word_1_61' title='bbox 316 1252 412 1324; x_wconf 88' lang='lat' dir='ltr'>viam</span> <span class='ocrx_word' id='word_1_62' title='bbox 436 1251 531 1325; x_wconf 90' lang='lat' dir='ltr'>illam</span> <span class='ocrx_word' id='word_1_63' title='bbox 547 1268 688 1326; x_wconf 85' lang='lat' dir='ltr'>tentare</span> <span class='ocrx_word' id='word_1_64' title='bbox 711 1250 881 1346; x_wconf 74' lang='lat' dir='ltr'>poterat?</span> <span class='ocrx_word' id='word_1_65' title='bbox 908 1251 1120 1351; x_wconf 22' lang='lat' dir='ltr'>Quis-alicui</span> <span class='ocrx_word' id='word_1_66' title='bbox 1137 1248 1262 1320; x_wconf 74' lang='lat' dir='ltr'>audior</span> 
     </span>
     <span class='ocr_line' id='line_1_10' title="bbox 204 1347 1261 1448; baseline -0.003 -23"><span class='ocrx_word' id='word_1_67' title='bbox 204 1350 273 1425; x_wconf 86' lang='lat' dir='ltr'>effe</span> <span class='ocrx_word' id='word_1_68' title='bbox 313 1364 483 1443; x_wconf 88' lang='lat' dir='ltr'>poterat,</span> <span class='ocrx_word' id='word_1_69' title='bbox 526 1351 725 1426; x_wconf 89' lang='lat' dir='ltr'>flammeum</span> <span class='ocrx_word' id='word_1_70' title='bbox 763 1352 917 1448; x_wconf 83' lang='lat' dir='ltr'>gladium</span> <span class='ocrx_word' id='word_1_71' title='bbox 955 1347 1261 1444; x_wconf 68' lang='lat' dir='ltr'>pertranseundi?</span> 
     </span>
     <span class='ocr_line' id='line_1_11' title="bbox 205 1447 1270 1549; baseline -0.001 -27"><span class='ocrx_word' id='word_1_72' title='bbox 205 1451 518 1549; x_wconf 84' lang='lat' dir='ltr'>Quemadmodum</span> <span class='ocrx_word' id='word_1_73' title='bbox 534 1473 603 1524; x_wconf 85' lang='lat' dir='ltr'>uec</span> <span class='ocrx_word' id='word_1_74' title='bbox 616 1474 712 1526; x_wconf 88' lang='lat' dir='ltr'>mare</span> <span class='ocrx_word' id='word_1_75' title='bbox 729 1452 865 1525; x_wconf 79' lang='lat' dir='ltr'>transtri</span> <span class='ocrx_word' id='word_1_76' title='bbox 880 1463 1025 1546; x_wconf 84' lang='lat' dir='ltr'>poterat</span> <span class='ocrx_word' id='word_1_77' title='bbox 1038 1448 1109 1523; x_wconf 87' lang='lat' dir='ltr'>stne</span> <span class='ocrx_word' id='word_1_78' title='bbox 1122 1470 1195 1542; x_wconf 92' lang='lat' dir='ltr'>ope</span> <span class='ocrx_word' id='word_1_79' title='bbox 1213 1447 1270 1521; x_wconf 93' lang='lat' dir='ltr'>di-·</span> 
     </span>
     <span class='ocr_line' id='line_1_12' title="bbox 203 1551 1261 1645; baseline 0 -23"><span class='ocrx_word' id='word_1_80' title='bbox 203 1552 315 1641; x_wconf 87' lang='lat' dir='ltr'>vina‚</span> <span class='ocrx_word' id='word_1_81' title='bbox 346 1551 587 1642; x_wconf 75' lang='lat' dir='ltr'>columnaque</span> <span class='ocrx_word' id='word_1_82' title='bbox 614 1552 758 1645; x_wconf 88' lang='lat' dir='ltr'>divina,</span> <span class='ocrx_word' id='word_1_83' title='bbox 795 1552 971 1640; x_wconf 83' lang='lat' dir='ltr'>columna¹</span> <span class='ocrx_word' id='word_1_84' title='bbox 984 1551 1154 1642; x_wconf 90' lang='lat' dir='ltr'>luminis,</span> <span class='ocrx_word' id='word_1_85' title='bbox 1183 1570 1261 1639; x_wconf 82' lang='lat' dir='ltr'>quae</span> 
     </span>
     <span class='ocr_line' id='line_1_13' title="bbox 204 1645 1262 1742; baseline -0.003 -21"><span class='ocrx_word' id='word_1_86' title='bbox 204 1662 279 1722; x_wconf 85' lang='lat' dir='ltr'>erat</span> <span class='ocrx_word' id='word_1_87' title='bbox 297 1650 342 1720; x_wconf 87' lang='lat' dir='ltr'>ab</span> <span class='ocrx_word' id='word_1_88' title='bbox 358 1646 434 1742; x_wconf 91' lang='lat' dir='ltr'>ipso</span> <span class='ocrx_word' id='word_1_89' title='bbox 445 1648 552 1722; x_wconf 85' lang='lat' dir='ltr'>Deo:</span> <span class='ocrx_word' id='word_1_90' title='bbox 579 1650 878 1742; x_wconf 71' lang='lat' dir='ltr'>quemadmodum</span> <span class='ocrx_word' id='word_1_91' title='bbox 894 1649 1044 1726; x_wconf 82' lang='lat' dir='ltr'>neminis</span> <span class='ocrx_word' id='word_1_92' title='bbox 1059 1645 1159 1737; x_wconf 80' lang='lat' dir='ltr'>eiat,</span> <span class='ocrx_word' id='word_1_93' title='bbox 1180 1649 1262 1741; x_wconf 86' lang='lat' dir='ltr'>Jor-</span> 
     </span>
     <span class='ocr_line' id='line_1_14' title="bbox 205 1744 1262 1846; baseline -0.002 -24"><span class='ocrx_word' id='word_1_94' title='bbox 205 1750 330 1822; x_wconf 86' lang='lat' dir='ltr'>danem</span> <span class='ocrx_word' id='word_1_95' title='bbox 343 1749 491 1839; x_wconf 87' lang='lat' dir='ltr'>pedibus</span> <span class='ocrx_word' id='word_1_96' title='bbox 506 1750 690 1842; x_wconf 86' lang='lat' dir='ltr'>trajicere,</span> <span class='ocrx_word' id='word_1_97' title='bbox 718 1745 1065 1846; x_wconf 76' lang='lat' dir='ltr'>preterquamjosue</span> <span class='ocrx_word' id='word_1_98' title='bbox 1081 1744 1178 1842; x_wconf 76' lang='lat' dir='ltr'>(veri</span> <span class='ocrx_word' id='word_1_99' title='bbox 1189 1746 1262 1820; x_wconf 88' lang='lat' dir='ltr'>Dei</span> 
     </span>
     <span class='ocr_line' id='line_1_15' title="bbox 203 1843 1262 1948; baseline -0.003 -29"><span class='ocrx_word' id='word_1_100' title='bbox 203 1843 315 1946; x_wconf 80' lang='lat' dir='ltr'>ligura</span> <span class='ocrx_word' id='word_1_101' title='bbox 331 1862 408 1921; x_wconf 83' lang='lat' dir='ltr'>erat</span> <span class='ocrx_word' id='word_1_102' title='bbox 423 1850 483 1920; x_wconf 91' lang='lat' dir='ltr'>ille</span> <span class='ocrx_word' id='word_1_103' title='bbox 496 1848 643 1948; x_wconf 89' lang='lat' dir='ltr'>Josue):</span> <span class='ocrx_word' id='word_1_104' title='bbox 670 1852 717 1925; x_wconf 88' lang='lat' dir='ltr'>fic</span> <span class='ocrx_word' id='word_1_105' title='bbox 734 1870 798 1944; x_wconf 89' lang='lat' dir='ltr'>per</span> <span class='ocrx_word' id='word_1_106' title='bbox 813 1849 1013 1922; x_wconf 85' lang='lat' dir='ltr'>flammeum</span> <span class='ocrx_word' id='word_1_107' title='bbox 1031 1847 1183 1941; x_wconf 76' lang='lat' dir='ltr'>gladium</span> <span class='ocrx_word' id='word_1_108' title='bbox 1201 1847 1262 1917; x_wconf 87' lang='lat' dir='ltr'>Sa·</span> 
     </span>
     <span class='ocr_line' id='line_1_16' title="bbox 202 1943 1262 2045; baseline -0.005 -22"><span class='ocrx_word' id='word_1_109' title='bbox 202 1948 297 2023; x_wconf 90' lang='lat' dir='ltr'>muel</span> <span class='ocrx_word' id='word_1_110' title='bbox 322 1948 466 2021; x_wconf 80' lang='lat' dir='ltr'>transire</span> <span class='ocrx_word' id='word_1_111' title='bbox 484 1970 563 2022; x_wconf 89' lang='lat' dir='ltr'>nou</span> <span class='ocrx_word' id='word_1_112' title='bbox 584 1965 755 2045; x_wconf 88' lang='lat' dir='ltr'>poterat:</span> <span class='ocrx_word' id='word_1_113' title='bbox 782 1970 858 2022; x_wconf 91' lang='lat' dir='ltr'>non</span> <span class='ocrx_word' id='word_1_114' title='bbox 885 1947 1085 2032; x_wconf 73' lang='lat' dir='ltr'>Abraham,</span> <span class='ocrx_word' id='word_1_115' title='bbox 1118 1943 1262 2018; x_wconf 78' lang='lat' dir='ltr'>ideo&amp;</span> 
     </span>
     <span class='ocr_line' id='line_1_17' title="bbox 204 2040 1354 2143; baseline -0.003 -24"><span class='ocrx_word' id='word_1_116' title='bbox 204 2048 385 2120; x_wconf 84' lang='lat' dir='ltr'>Abraham</span> <span class='ocrx_word' id='word_1_117' title='bbox 402 2049 446 2120; x_wconf 85' lang='lat' dir='ltr'>ab</span> <span class='ocrx_word' id='word_1_118' title='bbox 470 2040 536 2131; x_wconf 81' lang='lat' dir='ltr'>eo,</span> <span class='ocrx_word' id='word_1_119' title='bbox 563 2052 622 2142; x_wconf 87' lang='lat' dir='ltr'>qui</span> <span class='ocrx_word' id='word_1_120' title='bbox 643 2052 903 2143; x_wconf 80' lang='lat' dir='ltr'>torquebatur,</span> <span class='ocrx_word' id='word_1_121' title='bbox 932 2044 1160 2140; x_wconf 85' lang='lat' dir='ltr'>conspicitur.</span> <span class='ocrx_word' id='word_1_122' title='bbox 1212 2041 1263 2130; x_wconf 78' lang='lat' dir='ltr'>Et</span> <span class='ocrx_word' id='word_1_123' title='bbox 1352 2077 1354 2082; x_wconf 96' lang='lat'>·</span> 
     </span>
     <span class='ocr_line' id='line_1_18' title="bbox 205 2141 1263 2246; baseline 0 -27"><span class='ocrx_word' id='word_1_124' title='bbox 205 2167 283 2221; x_wconf 91' lang='lat' dir='ltr'>cum</span> <span class='ocrx_word' id='word_1_125' title='bbox 306 2146 343 2219; x_wconf 92' lang='lat' dir='ltr'>in</span> <span class='ocrx_word' id='word_1_126' title='bbox 365 2152 555 2223; x_wconf 87' lang='lat' dir='ltr'>tormentis</span> <span class='ocrx_word' id='word_1_127' title='bbox 579 2151 681 2225; x_wconf 91' lang='lat' dir='ltr'>di&#39;ves</span> <span class='ocrx_word' id='word_1_128' title='bbox 699 2149 813 2242; x_wconf 84' lang='lat' dir='ltr'>esset,</span> <span class='ocrx_word' id='word_1_129' title='bbox 842 2147 991 2238; x_wconf 79' lang='lat' dir='ltr'>elevatis</span> <span class='ocrx_word' id='word_1_130' title='bbox 1011 2146 1125 2220; x_wconf 87' lang='lat' dir='ltr'>oculis</span> <span class='ocrx_word' id='word_1_131' title='bbox 1147 2141 1263 2246; x_wconf 52' lang='lat' dir='ltr'>Abrae</span> 
     </span>
     <span class='ocr_line' id='line_1_19' title="bbox 202 2239 1301 2346; baseline -0.005 -27"><span class='ocrx_word' id='word_1_132' title='bbox 202 2246 282 2320; x_wconf 89' lang='lat' dir='ltr'>ham</span> <span class='ocrx_word' id='word_1_133' title='bbox 302 2245 500 2340; x_wconf 81' lang='lat' dir='ltr'>conspicit,</span> <span class='ocrx_word' id='word_1_134' title='bbox 526 2249 613 2321; x_wconf 88' lang='lat' dir='ltr'>licet</span> <span class='ocrx_word' id='word_1_135' title='bbox 635 2275 654 2324; x_wconf 88' lang='lat' dir='ltr'>a</span> <span class='ocrx_word' id='word_1_136' title='bbox 678 2253 789 2346; x_wconf 88' lang='lat' dir='ltr'>longe</span> <span class='ocrx_word' id='word_1_137' title='bbox 807 2251 949 2337; x_wconf 80' lang='lat' dir='ltr'>videat3</span> <span class='ocrx_word' id='word_1_138' title='bbox 976 2246 1078 2319; x_wconf 91' lang='lat' dir='ltr'>videt</span> <span class='ocrx_word' id='word_1_139' title='bbox 1092 2259 1209 2317; x_wconf 86' lang='lat' dir='ltr'>tamen</span> <span class='ocrx_word' id='word_1_140' title='bbox 1227 2243 1263 2314; x_wconf 85' lang='lat' dir='ltr'>dt</span> <span class='ocrx_word' id='word_1_141' title='bbox 1296 2239 1301 2254; x_wconf 71' lang='lat'>‘</span> 
     </span>
    </p>

    <p class='ocr_par' dir='ltr' id='par_1_3' title="bbox 160 2327 1343 4143">
     <span class='ocr_line' id='line_1_20' title="bbox 199 2327 1331 2444; baseline -0.004 -25"><span class='ocrx_word' id='word_1_142' title='bbox 199 2345 377 2419; x_wconf 77' lang='lat' dir='ltr'>Lazarum</span> <span class='ocrx_word' id='word_1_143' title='bbox 392 2350 429 2418; x_wconf 92' lang='lat' dir='ltr'>in</span> <span class='ocrx_word' id='word_1_144' title='bbox 443 2346 516 2419; x_wconf 91' lang='lat' dir='ltr'>smu</span> <span class='ocrx_word' id='word_1_145' title='bbox 536 2350 652 2442; x_wconf 80' lang='lat' dir='ltr'>ipsius.</span> <span class='ocrx_word' id='word_1_146' title='bbox 705 2348 965 2444; x_wconf 60' lang='lat' dir='ltr'>Exspectabam</span> <span class='ocrx_word' id='word_1_147' title='bbox 982 2346 1090 2444; x_wconf 87' lang='lat' dir='ltr'>igitur</span> <span class='ocrx_word' id='word_1_148' title='bbox 1113 2343 1262 2416; x_wconf 80' lang='lat' dir='ltr'>Domini</span> <span class='ocrx_word' id='word_1_149' title='bbox 1325 2327 1331 2359; x_wconf 86' lang='lat'>&#39;</span> 
     </span>
     <span class='ocr_line' id='line_1_21' title="bbox 202 2444 1263 2542; baseline -0.005 -21"><span class='ocrx_word' id='word_1_150' title='bbox 202 2448 272 2520; x_wconf 89' lang='lat' dir='ltr'>mei</span> <span class='ocrx_word' id='word_1_151' title='bbox 289 2447 371 2542; x_wconf 78' lang='lat' dir='ltr'>jesu</span> <span class='ocrx_word' id='word_1_152' title='bbox 387 2444 515 2520; x_wconf 86' lang='lat' dir='ltr'>Christi</span> <span class='ocrx_word' id='word_1_153' title='bbox 535 2452 778 2524; x_wconf 87' lang='lat' dir='ltr'>adventum&amp;</span> <span class='ocrx_word' id='word_1_154' title='bbox 797 2450 1028 2539; x_wconf 84' lang='lat' dir='ltr'>Patriarchae,</span> <span class='ocrx_word' id='word_1_155' title='bbox 1054 2444 1263 2537; x_wconf 84' lang='lat' dir='ltr'>&amp;Prophe-</span> 
     </span>
     <span class='ocr_line' id='line_1_22' title="bbox 202 2545 1343 2642; baseline 0 -26"><span class='ocrx_word' id='word_1_156' title='bbox 202 2559 272 2638; x_wconf 83' lang='lat' dir='ltr'>tae,</span> <span class='ocrx_word' id='word_1_157' title='bbox 306 2548 340 2616; x_wconf 82' lang='lat' dir='ltr'>dr</span> <span class='ocrx_word' id='word_1_158' title='bbox 362 2567 509 2640; x_wconf 87' lang='lat' dir='ltr'>omnes,</span> <span class='ocrx_word' id='word_1_159' title='bbox 542 2563 584 2621; x_wconf 89' lang='lat' dir='ltr'>ut</span> <span class='ocrx_word' id='word_1_160' title='bbox 601 2551 649 2624; x_wconf 85' lang='lat' dir='ltr'>stc</span> <span class='ocrx_word' id='word_1_161' title='bbox 671 2550 766 2623; x_wconf 83' lang='lat' dir='ltr'>viam</span> <span class='ocrx_word' id='word_1_162' title='bbox 791 2551 956 2642; x_wconf 86' lang='lat' dir='ltr'>aperiret.</span> <span class='ocrx_word' id='word_1_163' title='bbox 1009 2548 1075 2640; x_wconf 84' lang='lat' dir='ltr'>Ego</span> <span class='ocrx_word' id='word_1_164' title='bbox 1093 2545 1162 2629; x_wconf 78' lang='lat' dir='ltr'>sum</span> <span class='ocrx_word' id='word_1_165' title='bbox 1181 2549 1260 2615; x_wconf 80' lang='lat' dir='ltr'>via:</span> <span class='ocrx_word' id='word_1_166' title='bbox 1337 2608 1343 2616; x_wconf 90' lang='lat'><strong>.</strong></span> 
     </span>
     <span class='ocr_line' id='line_1_23' title="bbox 205 2646 1263 2744; baseline -0.001 -27"><span class='ocrx_word' id='word_1_167' title='bbox 205 2646 350 2739; x_wconf 70' lang='lat' dir='ltr'>Egestam</span> <span class='ocrx_word' id='word_1_168' title='bbox 361 2665 465 2740; x_wconf 84' lang='lat' dir='ltr'>porta.</span> <span class='ocrx_word' id='word_1_169' title='bbox 492 2649 564 2721; x_wconf 86' lang='lat' dir='ltr'>Via</span> <span class='ocrx_word' id='word_1_170' title='bbox 579 2650 683 2722; x_wconf 89' lang='lat' dir='ltr'>estad</span> <span class='ocrx_word' id='word_1_171' title='bbox 697 2652 831 2744; x_wconf 89' lang='lat' dir='ltr'>liguum</span> <span class='ocrx_word' id='word_1_172' title='bbox 846 2651 950 2738; x_wconf 85' lang='lat' dir='ltr'>vitae,</span> <span class='ocrx_word' id='word_1_173' title='bbox 976 2660 1017 2716; x_wconf 94' lang='lat' dir='ltr'>ut</span> <span class='ocrx_word' id='word_1_174' title='bbox 1029 2646 1054 2719; x_wconf 91' lang='lat' dir='ltr'>s1</span> <span class='ocrx_word' id='word_1_175' title='bbox 1065 2664 1130 2736; x_wconf 88' lang='lat' dir='ltr'>per</span> <span class='ocrx_word' id='word_1_176' title='bbox 1143 2646 1263 2738; x_wconf 89' lang='lat' dir='ltr'>ignem</span> 
     </span>
     <span class='ocr_line' id='line_1_24' title="bbox 203 2745 1262 2844; baseline -0.003 -26"><span class='ocrx_word' id='word_1_177' title='bbox 203 2745 349 2818; x_wconf 81' lang='lat' dir='ltr'>transire</span> <span class='ocrx_word' id='word_1_178' title='bbox 375 2748 440 2819; x_wconf 92' lang='lat' dir='ltr'>tibi</span> <span class='ocrx_word' id='word_1_179' title='bbox 468 2750 683 2844; x_wconf 89' lang='lat' dir='ltr'>contingat,</span> <span class='ocrx_word' id='word_1_180' title='bbox 726 2748 865 2821; x_wconf 84' lang='lat' dir='ltr'>flamma</span> <span class='ocrx_word' id='word_1_181' title='bbox 889 2762 926 2820; x_wconf 88' lang='lat' dir='ltr'>te</span> <span class='ocrx_word' id='word_1_182' title='bbox 947 2767 1024 2820; x_wconf 90' lang='lat' dir='ltr'>non</span> <span class='ocrx_word' id='word_1_183' title='bbox 1053 2745 1262 2815; x_wconf 82' lang='lat' dir='ltr'>comburat:</span> 
     </span>
     <span class='ocr_line' id='line_1_25' title="bbox 204 2842 1262 2940; baseline -0.002 -23"><span class='ocrx_word' id='word_1_184' title='bbox 204 2845 315 2936; x_wconf 90' lang='lat' dir='ltr'>qualis</span> <span class='ocrx_word' id='word_1_185' title='bbox 330 2846 418 2940; x_wconf 90' lang='lat' dir='ltr'>ignis</span> <span class='ocrx_word' id='word_1_186' title='bbox 434 2847 553 2938; x_wconf 88' lang='lat' dir='ltr'>posuit</span> <span class='ocrx_word' id='word_1_187' title='bbox 569 2847 786 2939; x_wconf 81' lang='lat' dir='ltr'>Cherubim,</span> <span class='ocrx_word' id='word_1_188' title='bbox 811 2847 1083 2934; x_wconf 88' lang='lat' dir='ltr'>flammeumque</span> <span class='ocrx_word' id='word_1_189' title='bbox 1093 2842 1262 2938; x_wconf 84' lang='lat' dir='ltr'>gladium,</span> 
     </span>
     <span class='ocr_line' id='line_1_26' title="bbox 205 2942 1264 3042; baseline 0.001 -28"><span class='ocrx_word' id='word_1_190' title='bbox 205 2945 263 3037; x_wconf 90' lang='lat' dir='ltr'>qui</span> <span class='ocrx_word' id='word_1_191' title='bbox 282 2947 527 3038; x_wconf 89' lang='lat' dir='ltr'>volvebatur,</span> <span class='ocrx_word' id='word_1_192' title='bbox 553 2963 593 3019; x_wconf 90' lang='lat' dir='ltr'>ut</span> <span class='ocrx_word' id='word_1_193' title='bbox 609 2949 704 3020; x_wconf 87' lang='lat' dir='ltr'>viam</span> <span class='ocrx_word' id='word_1_194' title='bbox 720 2947 762 3018; x_wconf 88' lang='lat' dir='ltr'>ad</span> <span class='ocrx_word' id='word_1_195' title='bbox 779 2949 911 3042; x_wconf 89' lang='lat' dir='ltr'>lignum</span> <span class='ocrx_word' id='word_1_196' title='bbox 928 2947 1012 3016; x_wconf 86' lang='lat' dir='ltr'>vitae</span> <span class='ocrx_word' id='word_1_197' title='bbox 1030 2942 1264 3016; x_wconf 86' lang='lat' dir='ltr'>custodirent.</span> 
     </span>
     <span class='ocr_line' id='line_1_27' title="bbox 203 3040 1262 3140; baseline -0.004 -24"><span class='ocrx_word' id='word_1_198' title='bbox 203 3041 290 3116; x_wconf 90' lang='lat' dir='ltr'>ldeo</span> <span class='ocrx_word' id='word_1_199' title='bbox 305 3043 402 3117; x_wconf 87' lang='lat' dir='ltr'>beati</span> <span class='ocrx_word' id='word_1_200' title='bbox 421 3048 493 3118; x_wconf 91' lang='lat' dir='ltr'>illic</span> <span class='ocrx_word' id='word_1_201' title='bbox 517 3050 774 3140; x_wconf 86' lang='lat' dir='ltr'>permanebant</span> <span class='ocrx_word' id='word_1_202' title='bbox 792 3046 825 3119; x_wconf 88' lang='lat' dir='ltr'>se</span> <span class='ocrx_word' id='word_1_203' title='bbox 842 3059 1100 3138; x_wconf 79' lang='lat' dir='ltr'>preparantes,</span> <span class='ocrx_word' id='word_1_204' title='bbox 1127 3040 1160 3110; x_wconf 81' lang='lat' dir='ltr'>dr</span> <span class='ocrx_word' id='word_1_205' title='bbox 1175 3059 1262 3139; x_wconf 81' lang='lat' dir='ltr'>cum</span> 
     </span>
     <span class='ocr_line' id='line_1_28' title="bbox 204 3141 1263 3240; baseline -0.006 -25"><span class='ocrx_word' id='word_1_206' title='bbox 204 3164 279 3216; x_wconf 90' lang='lat' dir='ltr'>non</span> <span class='ocrx_word' id='word_1_207' title='bbox 297 3142 439 3238; x_wconf 86' lang='lat' dir='ltr'>possent</span> <span class='ocrx_word' id='word_1_208' title='bbox 460 3168 505 3219; x_wconf 90' lang='lat' dir='ltr'>eo</span> <span class='ocrx_word' id='word_1_209' title='bbox 525 3148 724 3238; x_wconf 86' lang='lat' dir='ltr'>accedere,</span> <span class='ocrx_word' id='word_1_210' title='bbox 751 3148 814 3220; x_wconf 90' lang='lat' dir='ltr'>ubi</span> <span class='ocrx_word' id='word_1_211' title='bbox 834 3158 910 3217; x_wconf 88' lang='lat' dir='ltr'>erat</span> <span class='ocrx_word' id='word_1_212' title='bbox 927 3146 1059 3240; x_wconf 90' lang='lat' dir='ltr'>lignum</span> <span class='ocrx_word' id='word_1_213' title='bbox 1078 3141 1183 3229; x_wconf 86' lang='lat' dir='ltr'>vitae,</span> <span class='ocrx_word' id='word_1_214' title='bbox 1203 3159 1263 3232; x_wconf 89' lang='lat' dir='ltr'>pa·</span> 
     </span>
     <span class='ocr_line' id='line_1_29' title="bbox 160 3237 1263 3345; baseline -0.005 -31"><span class='ocrx_word' id='word_1_215' title='bbox 160 3282 162 3291; x_wconf 86' lang='grc'><strong><em>·</em></strong></span> <span class='ocrx_word' id='word_1_216' title='bbox 204 3241 334 3315; x_wconf 89' lang='lat' dir='ltr'>radisus</span> <span class='ocrx_word' id='word_1_217' title='bbox 355 3245 441 3335; x_wconf 90' lang='lat' dir='ltr'>Dei,</span> <span class='ocrx_word' id='word_1_218' title='bbox 475 3247 509 3317; x_wconf 78' lang='lat' dir='ltr'>dt</span> <span class='ocrx_word' id='word_1_219' title='bbox 527 3247 628 3319; x_wconf 89' lang='lat' dir='ltr'>Deus</span> <span class='ocrx_word' id='word_1_220' title='bbox 649 3249 827 3345; x_wconf 81' lang='lat' dir='ltr'>agricola,</span> <span class='ocrx_word' id='word_1_221' title='bbox 854 3246 915 3317; x_wconf 92' lang='lat' dir='ltr'>ubi</span> <span class='ocrx_word' id='word_1_222' title='bbox 932 3241 1055 3331; x_wconf 87' lang='lat' dir='ltr'>beati,</span> <span class='ocrx_word' id='word_1_223' title='bbox 1082 3237 1263 3332; x_wconf 68' lang='lat' dir='ltr'>ueremi,</span> 
     </span>
     <span class='ocr_line' id='line_1_30' title="bbox 204 3340 1262 3442; baseline -0.003 -27"><span class='ocrx_word' id='word_1_224' title='bbox 204 3342 354 3416; x_wconf 75' lang='lat' dir='ltr'>&amp;sandi</span> <span class='ocrx_word' id='word_1_225' title='bbox 366 3342 447 3417; x_wconf 88' lang='lat' dir='ltr'>Dei.</span> <span class='ocrx_word' id='word_1_226' title='bbox 498 3346 648 3420; x_wconf 90' lang='lat' dir='ltr'>Nullum</span> <span class='ocrx_word' id='word_1_227' title='bbox 663 3366 750 3442; x_wconf 88' lang='lat' dir='ltr'>ergo</span> <span class='ocrx_word' id='word_1_228' title='bbox 766 3346 802 3418; x_wconf 90' lang='lat' dir='ltr'>in</span> <span class='ocrx_word' id='word_1_229' title='bbox 815 3348 887 3418; x_wconf 91' lang='lat' dir='ltr'>hoc</span> <span class='ocrx_word' id='word_1_230' title='bbox 901 3345 989 3416; x_wconf 93' lang='lat' dir='ltr'>loco</span> <span class='ocrx_word' id='word_1_231' title='bbox 1002 3340 1262 3414; x_wconf 89' lang='lat' dir='ltr'>offendiculum</span> 
     </span>
     <span class='ocr_line' id='line_1_31' title="bbox 205 3436 1262 3537; baseline -0.01 -20"><span class='ocrx_word' id='word_1_232' title='bbox 205 3443 271 3517; x_wconf 87' lang='lat' dir='ltr'>est:</span> <span class='ocrx_word' id='word_1_233' title='bbox 298 3443 357 3514; x_wconf 91' lang='lat' dir='ltr'>sed</span> <span class='ocrx_word' id='word_1_234' title='bbox 377 3443 499 3515; x_wconf 90' lang='lat' dir='ltr'>omnia</span> <span class='ocrx_word' id='word_1_235' title='bbox 517 3448 604 3518; x_wconf 87' lang='lat' dir='ltr'>mira</span> <span class='ocrx_word' id='word_1_236' title='bbox 624 3449 772 3537; x_wconf 86' lang='lat' dir='ltr'>quadam</span> <span class='ocrx_word' id='word_1_237' title='bbox 795 3446 832 3516; x_wconf 94' lang='lat' dir='ltr'>vi</span> <span class='ocrx_word' id='word_1_238' title='bbox 856 3445 984 3536; x_wconf 85' lang='lat' dir='ltr'>scripta</span> <span class='ocrx_word' id='word_1_239' title='bbox 1004 3440 1106 3528; x_wconf 87' lang='lat' dir='ltr'>sunt,</span> <span class='ocrx_word' id='word_1_240' title='bbox 1132 3436 1262 3509; x_wconf 89' lang='lat' dir='ltr'>intelli·</span> 
     </span>
     <span class='ocr_line' id='line_1_32' title="bbox 204 3540 1336 3638; baseline -0.006 -25"><span class='ocrx_word' id='word_1_241' title='bbox 204 3558 406 3638; x_wconf 91' lang='lat' dir='ltr'>gunturque</span> <span class='ocrx_word' id='word_1_242' title='bbox 419 3545 462 3615; x_wconf 91' lang='lat' dir='ltr'>ab</span> <span class='ocrx_word' id='word_1_243' title='bbox 479 3546 568 3635; x_wconf 91' lang='lat' dir='ltr'>illis,</span> <span class='ocrx_word' id='word_1_244' title='bbox 597 3548 722 3636; x_wconf 89' lang='lat' dir='ltr'>quibus</span> <span class='ocrx_word' id='word_1_245' title='bbox 739 3546 838 3617; x_wconf 85' lang='lat' dir='ltr'>Deus</span> <span class='ocrx_word' id='word_1_246' title='bbox 855 3544 1006 3616; x_wconf 86' lang='lat' dir='ltr'>revelat.</span> <span class='ocrx_word' id='word_1_247' title='bbox 1032 3540 1115 3615; x_wconf 90' lang='lat' dir='ltr'>Nos</span> <span class='ocrx_word' id='word_1_248' title='bbox 1129 3555 1259 3630; x_wconf 89' lang='lat' dir='ltr'>porro,</span> <span class='ocrx_word' id='word_1_249' title='bbox 1333 3562 1336 3569; x_wconf 91' lang='lat'>·</span> 
     </span>
     <span class='ocr_line' id='line_1_33' title="bbox 204 3637 1263 3734; baseline -0.008 -20"><span class='ocrx_word' id='word_1_250' title='bbox 204 3643 262 3734; x_wconf 89' lang='lat' dir='ltr'>qui</span> <span class='ocrx_word' id='word_1_251' title='bbox 284 3644 322 3714; x_wconf 89' lang='lat' dir='ltr'>in</span> <span class='ocrx_word' id='word_1_252' title='bbox 343 3641 552 3718; x_wconf 76' lang='lat' dir='ltr'>seculorum</span> <span class='ocrx_word' id='word_1_253' title='bbox 568 3645 876 3718; x_wconf 86' lang='lat' dir='ltr'>consummatione</span> <span class='ocrx_word' id='word_1_254' title='bbox 895 3642 1128 3728; x_wconf 76' lang='lat' dir='ltr'>advenimus,</span> <span class='ocrx_word' id='word_1_255' title='bbox 1155 3637 1263 3708; x_wconf 89' lang='lat' dir='ltr'>habe·</span> 
     </span>
     <span class='ocr_line' id='line_1_34' title="bbox 202 3733 1262 3840; baseline -0.011 -24"><span class='ocrx_word' id='word_1_256' title='bbox 202 3763 276 3816; x_wconf 87' lang='lat' dir='ltr'>mus</span> <span class='ocrx_word' id='word_1_257' title='bbox 294 3742 378 3833; x_wconf 93' lang='lat' dir='ltr'>quid</span> <span class='ocrx_word' id='word_1_258' title='bbox 395 3743 562 3816; x_wconf 85' lang='lat' dir='ltr'>eximium</span> <span class='ocrx_word' id='word_1_259' title='bbox 582 3747 676 3817; x_wconf 89' lang='lat' dir='ltr'>ultra</span> <span class='ocrx_word' id='word_1_260' title='bbox 692 3757 856 3817; x_wconf 86' lang='lat' dir='ltr'>caeteros.</span> <span class='ocrx_word' id='word_1_261' title='bbox 908 3741 1007 3840; x_wconf 89' lang='lat' dir='ltr'>Quid</span> <span class='ocrx_word' id='word_1_262' title='bbox 1022 3737 1109 3811; x_wconf 92' lang='lat' dir='ltr'>illud</span> <span class='ocrx_word' id='word_1_263' title='bbox 1123 3734 1198 3809; x_wconf 79' lang='lat' dir='ltr'>est?</span> <span class='ocrx_word' id='word_1_264' title='bbox 1225 3733 1262 3805; x_wconf 88' lang='lat' dir='ltr'>Si</span> 
     </span>
     <span class='ocr_line' id='line_1_35' title="bbox 203 3842 1263 3937; baseline -0.01 -22"><span class='ocrx_word' id='word_1_265' title='bbox 203 3844 323 3916; x_wconf 71' lang='lat' dir='ltr'>evhac</span> <span class='ocrx_word' id='word_1_266' title='bbox 336 3842 414 3913; x_wconf 91' lang='lat' dir='ltr'>vita</span> <span class='ocrx_word' id='word_1_267' title='bbox 425 3843 672 3919; x_wconf 82' lang='lat' dir='ltr'>excesserimus</span> <span class='ocrx_word' id='word_1_268' title='bbox 688 3843 798 3937; x_wconf 80' lang='lat' dir='ltr'>boni,</span> <span class='ocrx_word' id='word_1_269' title='bbox 825 3843 1002 3934; x_wconf 86' lang='lat' dir='ltr'>&amp;probi,</span> <span class='ocrx_word' id='word_1_270' title='bbox 1028 3853 1263 3911; x_wconf 82' lang='lat' dir='ltr'>nonununo·</span> 
     </span>
     <span class='ocr_line' id='line_1_36' title="bbox 202 3930 1263 4033; baseline -0.014 -17"><span class='ocrx_word' id='word_1_271' title='bbox 202 3943 338 4016; x_wconf 90' lang='lat' dir='ltr'>biscum</span> <span class='ocrx_word' id='word_1_272' title='bbox 365 3959 598 4033; x_wconf 87' lang='lat' dir='ltr'>peccatorum</span> <span class='ocrx_word' id='word_1_273' title='bbox 626 3930 766 4015; x_wconf 87' lang='lat' dir='ltr'>sarcinis</span> <span class='ocrx_word' id='word_1_274' title='bbox 800 3938 1014 4032; x_wconf 69' lang='lat' dir='ltr'>conuiuis,</span> <span class='ocrx_word' id='word_1_275' title='bbox 1038 3931 1263 4030; x_wconf 81' lang='lat' dir='ltr'>pertransibi-</span> 
     </span>
     <span class='ocr_line' id='line_1_37' title="bbox 200 4035 1261 4143; baseline -0.008 -23"><span class='ocrx_word' id='word_1_276' title='bbox 200 4065 275 4120; x_wconf 86' lang='lat' dir='ltr'>mus</span> <span class='ocrx_word' id='word_1_277' title='bbox 289 4041 494 4119; x_wconf 85' lang='lat' dir='ltr'>flarnmeum</span> <span class='ocrx_word' id='word_1_278' title='bbox 510 4044 683 4141; x_wconf 87' lang='lat' dir='ltr'>gladium,</span> <span class='ocrx_word' id='word_1_279' title='bbox 711 4065 780 4113; x_wconf 86' lang='lat' dir='ltr'>nec</span> <span class='ocrx_word' id='word_1_280' title='bbox 795 4044 832 4116; x_wconf 90' lang='lat' dir='ltr'>in</span> <span class='ocrx_word' id='word_1_281' title='bbox 847 4043 1101 4127; x_wconf 81' lang='lat' dir='ltr'>locumillum‚</span> <span class='ocrx_word' id='word_1_282' title='bbox 1122 4035 1157 4104; x_wconf 83' lang='lat' dir='ltr'>iu</span> <span class='ocrx_word' id='word_1_283' title='bbox 1171 4050 1261 4143; x_wconf 61' lang='lat' dir='ltr'>ullo,</span> 
     </span>
    </p>

    <p class='ocr_par' dir='ltr' id='par_1_4' title="bbox 696 4142 1214 4234">
     <span class='ocr_line' id='line_1_38' title="bbox 696 4142 1214 4234; baseline 0.012 -18"><span class='ocrx_word' id='word_1_284' title='bbox 696 4142 780 4234; x_wconf 80' lang='lat' dir='ltr'>H3</span> <span class='ocrx_word' id='word_1_285' title='bbox 1150 4152 1214 4222; x_wconf 83' lang='lat' dir='ltr'>qui</span> 
     </span>
    </p>
   </div>
   <div class='ocr_carea' id='block_1_3' title="bbox 0 0 1542 4875">
    <p class='ocr_par' dir='ltr' id='par_1_5' title="bbox 0 0 1542 4875">
     <span class='ocr_line' id='line_1_39' title="bbox 0 0 1542 4875; baseline 0 0"><span class='ocrx_word' id='word_1_286' title='bbox 0 0 1542 4875; x_wconf 95' lang='lat' dir='ltr'> </span> 
     </span>
    </p>
   </div>
  </div>
 </body>
</html>
