3075 4875
399 473 682 560 sLanrA
706 475 773 561 ru
797 421 1112 564 rssLMos.
1204 429 1289 599 ns,

216 635 350 723 eutem
363 645 620 741 persediionenr
641 627 839 746 significati
874 647 995 721 Nemo
1019 645 1153 744 igitur,
1194 653 1289 736 cunr

215 750 257 844 ip
259 748 372 822 srdies
386 750 520 821 malus
512 750 694 841 imminet,
719 749 881 821 indomo
898 746 965 819 Dei
980 743 1049 819 effe
1059 745 1195 838 potest
1217 745 1289 820 sed·

217 850 257 924 in
278 849 401 920 umbra
421 845 668 941 absconditur,
695 849 821 946 quod
811 870 862 942 rs,
890 848 950 940 qui
973 870 993 918 a
1011 848 1106 922 tnalo
1108 848 1278 939 liberat,

216 946 466 1046 profedlum
434 970 509 1041 eJus
520 963 700 1045 protegat
752 949 824 1049 Qui
842 949 936 1022 enirn
954 946 1070 1020 adhuc
1084 961 1279 1044 aguntpoe·
1289 997 1292 1008 =

215 1048 429 1139 nitentium,
464 1048 721 1140 perledlionern
747 1048 879 1122 habere
900 1060 1096 1139 nequeunt
1129 1043 1294 1120 Pollunt.

218 1150 327 1222 etiam
342 1148 433 1220 mala
446 1147 503 1220 bic
518 1150 667 1245 intelligi
680 1148 929 1222 adversttates:
955 1145 1199 1220 absconditum
1219 1167 1280 1219 au·
1289 1210 1292 1217 .

218 1262 294 1319 tetn
309 1250 574 1320 tabernaculi
543 1271 618 1341 eJus
635 1247 837 1341 disciplina,
855 1268 924 1339 qua
940 1248 1045 1319 etiam
1056 1244 1276 1339 proficimus.¹

219 1346 344 1437 Atque
359 1348 425 1419 alia
438 1348 578 1438 quidem
591 1346 670 1422 sunt
690 1346 893 1441 manifesta,
920 1347 986 1418 alia
1006 1368 1105 1419 vero
1119 1346 1277 1439 mystica.

219 1444 347 1519 Deus
338 1463 463 1537 ltaque
473 1468 548 1521 non
563 1445 755 1560 superficie
763 1462 869 1522 tenus
890 1444 1141 1542 proficientem
1155 1462 1296 1565 prote·x

219 1547 283 1642 git.
311 1533 1298 1642 ὓίΜῑΜΜΜΜοΜΙΜΜεῙΜεΜιιοΜὶΜΜΜοΜοΜΜίερτοε,
1365 1545 1370 1560 “

218 1644 334 1719 fenus
351 1644 541 1721 secundum
554 1648 669 1722 Deum
682 1647 754 1741 est
772 1648 868 1721 hunc
878 1661 995 1720 autent
1007 1644 1213 1739 profectum
1218 1661 1281 1719 ex·

220 1748 319 1836 cepit
333 1746 687 1841 petraperfediionis.
714 1748 894 1822 Profebini
916 1731 1110 1840 respondet
1127 1748 1279 1821 verbum
1295 1773 1300 1802 ··

219 1845 400 1933 abscondit,⁸
421 1845 633 1939 perfectioni
649 1869 744 1921 vero
760 1850 934 1923 exaltavit
984 1846 1091 1920 Pollis
1107 1848 1212 1919 etiam
1227 1861 1281 1920 ta·
1297 1913 1299 1918 .

219 1944 452 2019 bernaculutn
468 1948 686 2046 intelligere,
711 1949 799 2022 vitae
812 1948 1010 2021 institutum
1023 1945 1215 2019 secundum
1229 1950 1288 2019 le·'-
1371 1949 1374 1958 '

219 2065 301 2141 gem
316 2044 348 2115 δι
364 2044 620 2140 Prophetas,
609 2069 646 2122 tn
663 2069 758 2141 quo,
782 2048 818 2121 id
837 2047 908 2139 est,
933 2043 1086 2121 insensu
1103 2047 1279 2139 mystico,

220 2142 407 2219 abscondrt
417 2146 518 2220 Deus
530 2169 625 2241 eum,
645 2170 750 2240 quem
760 2145 922 2243 tnstturt,
944 2144 1281 2294 exaltansipsumin
1394 2199 1395 2202 s

220 2259 342 2339 petra,
356 2246 392 2319 id
413 2246 491 2338 est,
508 2249 545 2322 in
562 2246 741 2323 Christo·
1189 2297 1192 2304 -

223 2347 469 2439 Quoniam
458 2347 628 2431 abscondit
648 2375 693 2422 me
713 2352 750 2420 t'n
774 2345 971 2420 tabernaculo
981 2347 1072 2436 fito
1053 2359 1097 2414 tri
1114 2344 1164 2415 die
1181 2346 1284 2415 mah·

218 2469 302 2526 rum,
316 2450 398 2543 bc]
422 2440 710 2526 Tabernaculunr
719 2447 1050 2541 Chrtstunsvocat,
1040 2466 1077 2521 tn
1090 2467 1163 2541 quo
1176 2448 1283 2521 Deus

219 2545 408 2618 habitavit.
438 2550 665 2642 lnlttleentm,
676 2553 805 2643 inquit,
818 2551 920 2646 posuit
930 2549 1281 2632 tabernaculantium

217 2643 285 2717 Sol
304 2661 430 2719 autem
436 2647 575 2738 justitiae
590 2651 768 2723 Dominus
790 2648 851 2726 est
908 2647 1054 2721 Etenim
1075 2646 1119 2719 de
1139 2650 1284 2739 templo

219 2743 318 2819 dicit.
361 2746 456 2817 Hoc
473 2750 589 2839 enim,
611 2750 748 2842 inquit,
770 2749 1038 2823 tabernaculum
1059 2748 1280 2837 protectioni

220 2844 308 2919 mihi
329 2844 362 2915 u
383 2846 620 2923 auxiliofuit..
637 2847 827 2921 Nemeum
849 2844 1001 2919 orasset
992 2867 1027 2918 tn
1044 2847 1283 2918 tabernaculo

220 2941 296 3014 Dei
303 2943 755 3037 ,dtpanesbenedidiionis
773 2944 982 3039 accepillet,
992 2942 1280 3028 manushostiutn

222 3040 371 3138 effugit,
386 3047 541 3135 quando·
544 3045 649 3144 Doeg
662 3049 837 3144 regiarum
852 3047 1025 3119 mularum
1041 3042 1161 3136 pastor
1175 3045 1285 3139 ipsius

222 3140 455 3236 fugamsauli
463 3145 712 3220 manifestavit.
770 3151 925 3219 Protexit·
928 3144 1209 3232 meinabscondlto
1231 3160 1285 3216 tlt-¹
1332 3183 1334 3193 ·

223 3242 384 3315 lernatuli
394 3246 458 3332 sui.
484 3248 590 3320 Loco
600 3247 708 3340 tllrus,
725 3261 893 3338 tanquam
906 3267 943 3318 tn
955 3241 1179 3319 abscondito
1205 3243 1280 3338 Sic,

222 3343 370 3433 inquit,
385 3363 466 3418 curn
484 3332 636 3441 ΜΜΙΜΜ
655 3369 713 3422 me
730 3344 966 3440 quaeliilsent
956 3345 1110 3435 mimici,
1133 3365 1210 3418 non
1228 3347 1283 3418 itt-

222 3458 491 3539 veneruntne,
510 3448 641 3540 quippe
658 3469 774 3540 quern
772 3447 882 3521 Deus
897 3445 1125 3542 protegebat.
1142 3440 1284 3539 Sioque

222 3544 471 3639 accipiendum
485 3547 535 3620 est
547 3548 651 3623 illud.
673 3549 844 3638 Abstinuit
859 3571 918 3616 me.

226 3656 229 3660 ‘
306 3643 449 3717 Ernunt
465 3673 521 3718 exa
521 3648 1199 3744 itavitcaputmeumsttpetinimicotmeos:
1220 3649 1282 3717 cir

223 3749 331 3829 citivi,
350 3746 388 3820 (ἵ
404 3749 590 3819 immolavi
576 3775 613 3818 m
630 3749 876 3821 tabenaculo
846 3773 915 3846 ejus
933 3746 1063 3846 hostium
1079 3746 1282 3838 vocifera'tt’o·

218 3850 279 3916 'nit
291 3843 406 3941 ,Μ-
423 3847 462 3917 Si
483 3850 542 3940 qui
557 3850 705 3942 circuit,
721 3844 916 3938 sacrificat,
934 3843 1143 3921 sacrificiunt
1162 3860 1284 3931 sutem

226 3945 277 4019 est
290 3947 440 4038 Spiritus
453 3949 650 4025 contritus:
678 3950 738 4042 qui
751 3950 912 4021 conterit
928 3949 1078 4024 animam
1090 3944 1197 4038 suam,
1217 3947 1284 4018 cir·

226 4047 345 4119 culum
367 4067 444 4121 earn
460 4047 573 4145 fecit,
605 4052 662 4140 qui
681 4050 724 4122 ab
744 4049 900 4146 iugulari
920 4044 1034 4144 figura
1057 4043 1313 4139 corruptibili..

217 4149 355 4242 procul
366 4144 489 4248 abeli,
506 4163 669 4224 beenon
678 4144 1036 4246 abipsainfipientiu,
1061 4166 1167 4241 quam
1184 4142 1286 4313 833·
1330 4139 1358 4185 ²

299 4282 305 4301 .
370 4274 391 4311 ..
1156 4263 1206 4314 Μ
