3075 4875
277 441 330 516 q
383 370 1107 532 sanne'uurnrsatnoe'
1179 456 1271 549 >⁴15

200 605 311 687 tunt,
328 589 573 668 inveniuntur
593 594 640 668 ab
661 615 721 670 eo.
773 591 823 667 Et
839 614 906 688 per
927 597 1042 692 legem
1061 557 1203 688 q⁴uidem
1216 596 1271 671 in·

203 694 371 770 venimus
387 694 526 786 Deum,
552 715 617 788 per
638 695 825 792 evangelia
839 714 932 769 vero
947 697 992 769 ab
1009 716 1055 770 eo
1064 698 1271 787 invenimur
1386 725 1388 748 ε

203 796 264 886 qui
280 795 376 887 prius
391 793 526 867 inimici
541 797 699 885 erumna,
727 795 909 900 &hospitor
918 796 1170 893 indumentorum
1184 796 1269 890 Dei,

197 897 283 989 spem
305 918 368 962 nun
390 894 555 979 habentes,
582 893 706 986 &fine
729 898 795 967 Deo
810 902 847 965 in
862 896 920 987 leuc
940 898 1064 986 mundo.
1113 895 1186 970 Vel
1202 917 1269 990 pet

204 992 381 1066 actionem
404 992 608 1068 invenimus
633 994 780 1088 Deum,
806 994 842 1067 dt
858 1011 929 1087 per
945 994 1195 1094 cognitionem
1215 996 1270 1072 in·

183 1101 185 1106 ’
207 1097 371 1166 venimur
389 1094 432 1164 ab
449 1114 508 1168 eo.

282 1193 467 1286 Ejusdem]
508 1188 762 1268 Velociffimos
789 1192 931 1285 quidem
960 1192 1268 1291 comprehendet,

168 1290 171 1296 ’
202 1289 456 1366 robustissimos
491 1304 610 1365 autem
644 1289 852 1374 interficiet.
904 1292 1118 1367 Inveniatur
1147 1309 1269 1374 autem

182 1487 185 1492 Ι
203 1410 366 1487 pugnans
382 1392 523 1482 quando
534 1389 743 1485 supplicium
753 1389 878 1484 sumit,
891 1392 996 1486 Juxta
1008 1392 1112 1468 illud:
1139 1397 1268 1490 Pugnat

204 1497 368 1564 Dominus
388 1516 485 1562 manu
504 1494 621 1561 occultu
636 1508 749 1561 contra
769 1494 906 1564 Amalec.
962 1552 969 1562 .

283 1593 379 1664 Penes
396 1616 443 1660 eos
460 1607 497 1663 ut
513 1591 667 1661 clibanum
684 1594 787 1685 ignis,
811 1589 895 1682 m]
922 1589 1009 1664 Hoc
1028 1590 1073 1664 de
1089 1592 1266 1687 perverfis

203 1688 272 1761 ait:
300 1690 458 1762 clibanus
481 1690 575 1763 enim
596 1691 685 1785 ignis
710 1688 812 1788 sunt,
840 1691 1010 1783 quoniam
1024 1689 1173 1765 accensa
1187 1691 1267 1766 sunt

204 1790 307 1860 velut
328 1790 488 1863 clibanus
515 1789 628 1861 corda
651 1801 789 1865 eorum.
839 1789 1071 1881 Atquealibi
1089 1792 1196 1863 etiarn
1216 1792 1268 1865 di·

204 1885 305 1970 &unt
314 1886 382 1963 est:
410 1895 562 1972 Omnium
578 1887 793 1975 adulterorum
811 1892 902 1962 curua
915 1890 995 1977 [unt
1009 1904 1048 1960 ut
1061 1890 1215 1964 clibanus.

178 1981 185 2084 '¹
281 1991 439 2059 Dominus
454 1992 553 2060 inira
571 1988 626 2072 [ua
641 1989 839 2060 conturbabit
855 2014 921 2076 eus,
946 1988 1029 2080 Ue]
1054 1985 1267 2062 Turbantur

177 2179 181 2186 ‚
200 2105 274 2182 prae
289 2084 553 2179 exspeiiatione
571 2085 753 2181 supplicii,
775 2108 853 2161 non
870 2107 996 2163 omnes
1017 2090 1190 2180 omnino,
1206 2088 1267 2163 sed

177 2186 190 2282 J
202 2186 264 2277 qui
280 2208 325 2259 ex
334 2189 527 2282 voluptate
543 2186 699 2279 perversi
715 2184 816 2280 sunt,
842 2185 1097 2283 &falsamagni
1114 2186 1264 2263 faciunt

201 2286 252 2460 ff:
275 2281 435 2372 devorabit
456 2293 625 2380 eos-ignis,
657 2290 828 2380 quoniam
850 2284 932 2390 sunt
953 2286 1076 2385 ligna,
1109 2286 1265 2385 foenum,

177 2383 181 2402 '
235 2384 340 2462 ‘ula
605 2446 607 2451 .
1241 2457 1243 2461 .

246 2409 436 2557 pFruHum
449 2511 554 2560 eorum
573 2491 609 2561 de
627 2505 714 2560 terra
733 2489 858 2584 perdes,
884 2485 924 2565 (5
935 2485 1043 2577 semen
1061 2508 1167 2559 eurum
1187 2515 1209 2560 a
1225 2486 1266 2574 li·

180 2642 183 2648 .
199 2585 258 2658 diis
269 2585 535 2680 nominande]
556 2587 646 2662 Non
662 2586 901 2679 substantiam,
911 2588 1079 2660 interitus
1094 2588 1188 2661 enim
1204 2610 1265 2660 ex·

200 2705 284 2778 pers
294 2685 364 2772 est3
384 2686 444 2759 sed
455 2691 673 2780 qualitatem,
690 2709 757 2779 qua
769 2687 984 2781 germinavit
996 2686 1104 2778 ligna,
1114 2686 1263 2779 frenum,

199 2783 384 2874 stipulam,
409 2789 499 2857 mala
514 2807 643 2879 nempe
657 2804 790 2878 opera3
817 2786 878 2856 vel
892 2783 997 2855 etiam
1016 2784 1052 2854 id
1069 2783 1167 2871 quod
1180 2786 1264 2857 mali

177 2958 180 2968 ,
202 2881 355 2974 &impii
379 2880 594 2957 seminarunt
621 2882 766 2975 semen,
798 2880 898 2974 quod
920 2882 1061 2974 quidem
1086 2879 1266 2973 disperdet
1380 2972 1383 2979 .

200 2979 303 3054 Deus
320 2978 432 3053 afiliis
457 2982 655 3057 hominum.
704 2978 923 3055 Beneficium
939 2974 1057 3054 autem
1073 2977 1125 3052 est
1142 3000 1266 3076 apec-

176 3078 179 3082 ’
202 3080 290 3152 catis
309 3080 342 3152 δι
364 3081 465 3156 malis
488 3078 770 3178 cogitationibus
789 3077 969 3176 decidere.
1020 3077 1150 3155 Semen
1166 3081 1265 3160 enim

176 3177 179 3184 ’
199 3181 363 3275 peccati,
390 3180 567 3277 cogitatio
585 3177 764 3276 perversa.

176 3276 181 3283 ’
275 3284 442 3374 Quoniam
456 3282 698 3353 declinaverunt
717 3277 923 3368 internata,
948 3282 1173 3373 cogitauerunt
1188 3303 1264 3351 cun·

176 3380 178 3384 ’
193 3378 272 3478 fidia
294 3407 360 3480 qun
381 3406 449 3452 non
463 3397 639 3479 putuerunt
652 3379 820 3476 stabilire,
846 3375 929 3473 dic]
956 3376 1024 3453 Per·
1048 3378 1169 3453 omnia
1190 3375 1264 3455 sese

199 3492 351 3553 vertunt
375 3480 531 3575 perversi
555 3497 597 3555 ut
616 3480 813 3555 imbecilles
836 3479 1055 3554 adoriantur.
1104 3475 1264 3575 Excogi-

198 3593 280 3653 tant
293 3580 386 3655 enim
401 3580 541 3661 infidias
557 3579 725 3659 adversus
738 3599 820 3654 eum
837 3579 897 3671 qui
909 3597 1126 3654 noxamnon
1136 3576 1262 3656 ferret.
1293 3578 1295 3583 '

281 3681 454 3775 Ejusdem]
481 3681 644 3781 Quilibet
658 3675 847 3774 perversus
863 3677 1115 3751 declinatmala
1126 3677 1163 3751 in
1179 3697 1264 3752 eum

200 3777 260 3850 cni
277 3799 414 3854 nocere
433 3783 536 3869 vnit,
563 3781 624 3855 vel
642 3782 679 3854 in
703 3799 786 3852 eum
807 3777 951 3870 quicum
964 3775 1115 3870 injuste,
1140 3777 1203 3849 vel
1220 3775 1262 3851 in
1344 3856 1351 3868 ,

177 3899 283 3953 eum
302 3879 443 3969 quicum
464 3879 571 3974 impie
588 3881 672 3976 agit.
1097 3946 1098 3951 i

175 4052 178 4079 ,Ι
278 3979 454 4075 Ejusdem]
467 4038 470 4045 .
485 3976 594 4055 Tunc
615 3979 853 4072 inclinamur,
880 3975 1024 4073 quando
1047 3985 1178 4051 contra
1199 3993 1263 4069 na·

178 4084 183 4091 “
199 4089 318 4155 turam
333 4084 550 4159 movemur.'
