3075 4875
333 357 1079 522 xsiruucrurn,rs'unuoa
1188 436 1257 516 395
1339 512 1341 517 ¹

275 580 458 681 Ejusdem]
483 584 593 680 Hunc
616 582 839 658 circumdant
866 581 1076 675 daemones,-
1110 601 1216 675 quem
1238 602 1260 654 e

198 681 338 756 virture
365 684 548 776 dejiciunt.
606 686 855 784 Quamobrem
875 682 1002 775 pulcre
1027 682 1181 756 dicitur:
1214 685 1288 752 Si.
1388 677 1393 687 ‘

191 784 330 879 spiritur
346 786 525 882 potestatem
545 784 689 864 habentis
712 779 882 872 {uoueret
900 789 938 852 iu
962 798 1014 876 tr,
1046 784 1144 853 sorum
1170 800 1262 865 ruam
1326 829 1332 839 x

199 908 242 955 m
257 885 383 970 deseras.
437 883 604 959 nciilud:
631 884 836 958 Naturam
852 884 950 953 suram
969 882 1113 975 maligno.
1152 879 1261 982 Quasi
1326 966 1329 971 ,
1362 930 1368 942 ·

200 983 357 1069 diceret:
377 980 421 1055 -Si
437 980 577 1082 spiritua
591 982 843 1063 fornicationis
854 980 1154 1063 ascenderitinte,
1172 1001 1263 1053 con·

200 1071 390 1155 tinentiam
410 1097 507 1156 tuam
524 1105 571 1156 ne
584 1083 734 1158 deseras.
788 1079 871 1154 Etsr
893 1080 1033 1175 spiritus
1053 1082 1128 1155 odii
1144 1080 1261 1166 ascen·

199 1182 296 1256 derit
314 1182 351 1253 in
375 1197 440 1272 te,
465 1183 792 1272 charitatem-tuam
815 1203 862 1256 ne
882 1180 1031 1256 deseras.
1083 1180 1262 1254 Caeterum
1291 1238 1293 1241 .
1384 1268 1388 1282 x

201 1281 498 1356 considerandum
513 1277 584 1364 est,
610 1304 655 1358 an
674 1283 735 1375 qui
750 1283 794 1354 ab
806 1283 973 1354 omnibus
990 1282 1187 1353 virtutibus
1203 1281 1262 1353 de·

203 1382 313 1470 cidit,
339 1381 602 1475 circumdetur,
628 1403 670 1456 an
686 1384 745 1473 qui
761 1402 782 1453 a
797 1381 941 1473 multis4
968 1401 1013 1453 an
1033 1382 1092 1471 qui
1116 1383 1160 1453 ab
1181 1389 1277 1454 unas

203 1476 328 1553 Sisese
350 1480 509 1553 invicem
529 1480 724 1573 sequuntur
747 1480 889 1554 malitiae
911 1481 1208 1571 quemadmodum
1230 1479 1266 1552 dt

206 1581 389 1669 virtutes,
416 1581 476 1670 qui
498 1583 542 1654 ab
561 1601 635 1654 una
660 1582 800 1676 virtute
821 1578 985 1672 excidit,
1012 1579 1264 1653 circumdatur.

203 1678 241 1751 Si
261 1693 377 1751 autem
399 1676 469 1752 sese
489 1683 645 1753 invicem
666 1676 983 1770 nonsequuntur,
1008 1698 1108 1768 non,
1134 1679 1194 1769 qui
1220 1676 1265 1750 ab

203 1798 278 1849 una
298 1779 435 1850 virtute
456 1779 619 1872 excidit,
636 1780 908 1868 circumdatur,
926 1776 985 1852 sed
1002 1778 1062 1868 qui
1086 1778 1130 1849 ab
1153 1778 1268 1849 omni·

204 1878 285 1953 bus.
337 1877 410 1951 Vel
429 1875 527 1951 forte
555 1901 575 1951 e
603 1899 827 1971 quacumque
853 1876 1085 1966 virtute‘quis
1109 1876 1266 1968 excidit,
1377 1960 1384 1969 ,

205 1979 252 2050 ab
274 1997 341 2067 ea,
368 1996 444 2067 quae
460 1980 512 2052 illi
535 1977 764 2069 adversatur,
789 1978 923 2053 malitia
944 1974 1195 2078 circumdatio.

286 2074 495 2171 Susceperam
517 2102 564 2150 me
578 2077 660 2172 ficut
681 2083 725 2150 sco
745 2095 877 2175 paratur
897 2079 937 2150 ud
951 2078 1110 2171 pradum:
1135 2080 1175 2151 ὅ
1184 2075 1266 2170 ficut

206 2169 443 2248 carausium
459 2176 807 2277 inhumanioris,
832 2177 915 2272 oc]
943 2176 985 2253 ln
998 2175 1159 2249 obscuris
1173 2176 1267 2249 enirn

207 2277 243 2350 dc
263 2275 368 2348 nobis
395 2274 888 2374 inopinantibusaiosrdiantur
908 2276 1042 2352 inimici
1064 2275 1154 2349 srcut
1170 2286 1268 2348 catu·

206 2378 263 2452 lus
284 2377 412 2451 leonia.
477 2423 480 2429 ·

289 2478 469 2572 Ejusdem]
507 2474 575 2549 Per
614 2475 811 2554 immundas
846 2475 1089 2572 cogitationes
1128 2472 1269 2566 suscipit

206 2589 365 2650 mentem
396 2575 553 2650 nostram
584 2572 806 2650 adversarius
838 2574 960 2652 noster
991 2576 1081 2673 leo.v
1116 2564 1290 2668 AbJ‘esta‘

207 2675 361 2751 naturali
385 2676 527 2749 ratione
560 2675 653 2754 ieras
683 2676 894 2765 imitantur,
926 2695 1004 2765 quae
1028 2674 1196 2748 alimenta
1220 2675 1271 2745 ita

208 2788 412 2948 ἓρρεωῃι,
439 2788 482 2847 ur
505 2777 543 2847 in
578 2794 620 2846 ea
645 2771 753 2851 semel
778 2771 968 2871 conspetu
990 2768 1109 2847 subito
1133 2775 1272 2867 impetu

205 2915 207 2918 -
228 2885 385 2944 erantur.

260 2983 261 2986 ’
294 2967 434 3062 Exsurge
458 2972 594 3044 Domine
614 2974 823 3066 preveniens
845 2969 883 3047 d
900 2964 1068 3069 supplanta
1090 2993 1166 3058 cos,
1190 2975 1274 3065 cripe
1317 3024 1320 3029 -

212 3076 352 3147 animum
366 3071 461 3141 meniu
477 3069 519 3143 ab
537 3077 654 3164 impio,
674 3069 831 3160 frameam
843 3087 930 3142 tuam
948 3070 987 3140 ab
1007 3075 1147 3139 inimicis
1160 3095 1276 3140 manus
1353 3094 1355 3099 ·

212 3191 292 3247 rua,
321 3167 406 3264 sta]
434 3168 505 3243 Dei
522 3168 692 3245 frameam
706 3169 898 3262 aliquando
910 3168 1042 3243 inimici
1055 3188 1179 3243 manus
1197 3171 1272 3261 eju's

202 3271 387 3348 ,assumunt
405 3265 591 3343 adversum
610 3289 690 3348 nos.
737 3267 779 3342 >A
793 3269 878 3344 Deo
890 3271 1000 3367 igitur
1012 3270 1105 3364 petit
1122 3269 1216 3345 hanc
1229 3271 1273 3344 ab
1363 3269 1372 3356 ’,

208 3370 362 3446 inimicis
378 3368 466 3461 eripi
485 3368 517 3441 δι
537 3368 679 3443 auferri.
1188 3445 1190 3449 ,

260 3468 263 3475 “
294 3467 478 3567 Ejusdem]
506 3466 820 3565 Quemadmodum
839 3467 911 3563 Job
930 3467 1007 3540 vim
1027 3463 1136 3558 ipsum
1154 3465 1276 3561 flagel-

211 3570 348 3644 lantem
366 3568 439 3642 Dei
461 3585 603 3643 manum
628 3569 809 3660 appellata
846 3573 926 3640 Non
945 3592 1017 3653 me,
1042 3567 1181 3659 inquit,
1208 3584 1287 3639 rur·xv
1358 3607 1364 3617 ,

212 3686 308 3768 quant
327 3693 437 3737 munus
459 3685 538 3754 ωας
563 3667 658 3741 sic&
677 3667 844 3741 inimicos
857 3663 1029 3741 beneficae
1043 3686 1167 3741 manus
1190 3665 1276 3759 Dei,

212 3768 382 3846 frameam
404 3767 475 3839 Dei
493 3780 607 3839 vocat
631 3765 762 3841 David.
817 3763 985 3839 Benefica
1008 3780 1126 3838 autem
1152 3785 1277 3837 manue

199 3867 289 3963 Dei
306 3863 411 3938 sancii
438 3864 568 3960 Angcli
591 3862 690 3948 sunt,
717 3885 782 3958 per
805 3850 897 3956 qubs
916 3864 1017 3938 Deua
1037 3863 1173 3939 mundo
1194 3882 1279 3955 pro·

215 3966 342 4059 videt,
375 3965 548 4063 &quibus
572 3963 751 4038 daemo'nes
778 3961 1037 4047 adversantur,
1071 3964 1131 4054 qui
1146 3964 1294 4053 uolutat¹

217 4056 348 4161 adunes
367 4064 532 4141 homines
550 4064 594 4139 ad
613 4063 779 4139 ueritatis
796 4065 965 4161 notitiam
979 4064 1163 4137 accedere.
1200 4060 1298 4141 Ma}

1161 4179 1230 4232 nara
