3075 4875
391 370 1091 504 sntncrntuusrnmos
1201 357 1272 523 αἶρε
1342 386 1353 408 ’“

216 578 408 654 duodecim
422 578 612 676 Prophetis
628 581 665 656 in
680 569 934 658 huncmodum
948 581 1083 678 positus
1099 580 1167 659 est:
1178 587 1279 681 Quia

214 682 454 770 misericordiam
468 682 558 776 orla,
584 681 622 759 σ
632 682 910 774 nonfarrifiar'rrm:
926 682 1095 772 fiimriam
1109 688 1175 758 Du·
1182 687 1274 786 pirre·

212 789 309 880 q’aam
325 780 506 879 baloeaassa.
558 780 647 855 Haec
666 796 786 867 autem
803 782 847 857 de
870 779 1047 857 sacrificiis
1065 785 1180 882 legem
1200 783 1274 866 effe

215 882 329 954 docet
351 879 479 954 Paulus
504 881 654 957 dicens:
686 885 759 976 Qua·
777 883 948 979 semipravi
973 877 1023 982 si¹
1040 885 1155 978 embra
1174 886 1275 976 deser.

213 986 318 1054 aiunt
341 980 513 1078 coebftiam.
559 979 605 1053 Ei
623 991 732 1080 ergo,
761 982 827 1073 qui¹
841 984 938 1077 leges
958 981 1004 1055 de
1023 979 1200 1057 sacrificiis
1215 986 1282 1060 ¹le·-

216 1081 289 1178 git,
316 1082 421 1154 enixe
434 1080 666 1156 laborandum
682 1079 756 1175 est,
780 1091 896 1155 uteas
908 1093 1066 1174 utroque
1081 1083 1193 1166 modo
1213 1105 1277 1159 ex·

214 1180 351 1273 plicet,
378 1179 412 1253 &
427 1201 486 1253 eas
499 1195 575 1254 tum
586 1180 689 1272 juxta
698 1176 907 1276 figuralem,
932 1194 1009 1256 tum
1020 1182 1123 1273 Juxta
1134 1202 1280 1259 rocon·-

216 1278 385 1353 ditiorem
399 1278 442 1376 ¹&
461 1277 648 1372 mysticum
663 1277 800 1358 sensum
823 1279 1013 1374 expendat.
1064 1281 1154 1356 Haec
1172 1304 1275 1360 com·

213 1378 351 1474 pendio
369 1380 513 1451 anobis
531 1377 722 1453 observata
742 1378 849 1470 sunt,
867 1381 1149 1474 ,explanantibus
1164 1381 1273 1457 illud.-

215 1479 402 1569 Sacrificara
423 1479 614 1570 sacrificium
641 1480 795 1576 justitia,
822 1477 856 1551 &
882 1476 1146 1572 consequenter
1158 1481 1271 1556 istud:
1366 1566 1369 1572 ,

212 1581 346 1674 Sparata
368 1585 405 1647 in
434 1582 581 1650 Domina.
633 1577 764 1670 Neque
780 1579 874 1652 enim
894 1577 1175 1654 consentaneum
1198 1580 1289 1673 est,¹

212 1692 255 1749 ut
272 1677 350 1768 quis
371 1674 510 1770 speret,
536 1689 724 1768 antequam
744 1674 837 1771 juste
861 1690 959 1774 agat:
985 1680 1019 1752 ei
1039 1679 1181 1771 autem,
1209 1679 1273 1771 qui

209 1775 305 1869 juste
325 1778 418 1871 agit,
445 1775 531 1850 licet
554 1774 780 1851 confidenter
794 1772 956 1869 sperare,
982 1776 1184 1852 &Domini
1203 1779 1279 1856 bo.

211 1897 260 1949 na
281 1871 494 1967 exspectare,¹
543 1874 631 1972 Spes
649 1878 743 1962 enim
767 1874 819 1949 est
836 1876 1019 1961 bonorum
1041 1874 1275 1970 exspedtatios

214 1975 398 2148 quoniam
415 1995 506 2048 uero
521 1975 673 2049 amultis
689 1975 798 2065 quaeri
815 1973 928 2066 solet,
942 1994 1042 2050 rrum
1056 1977 1113 2048 vir
1133 1977 1303 2071 probus·

213 2072 346 2165 siquid
360 2071 606 2169 speret,‚cum
619 2076 679 2146 vir
692 2072 870 2167 perscitus
887 2073 1033 2148 virtutis
1048 2074 1191 2168 praemia
1200 2076 1276 2167 jam
1311 2088 1319 2094 “

212 2174 419 2265 receperit,
446 2194 514 2246 nec
538 2163 612 2247 ulls
632 2193 673 2247 re
694 2174 876 2268 indigeat,
903 2193 945 2245 ac
967 2181 1163 2268 propterea
1185 2165 1277 2250 nihil

214 2268 355 2365 speret,
382 2273 639 2365 eorumenim,
666 2293 745 2363 quae
761 2270 905 2365 desunt,
933 2270 984 2345 est
996 2270 1095 2366 spes,
1121 2294 1277 2366 cumque

215 2372 362 2445 citerius
386 2371 429 2445 srt
452 2372 546 2446 bene
571 2371 730 2466 sperare,
764 2391 847 2447 nam
867 2370 993 2468 probis
1014 2371 1152 2468 semper
1176 2374 1279 2450 bona

215 2471 287 2544 alia
304 2490 349 2544 ex
372 2472 446 2544 aliis
469 2450 643 2547 continua
660 2471 748 2546 serie
769 2470 986 2567 succedunt,
1013 2492 1078 2570 age
1096 2491 1167 2547 nos
1186 2494 1278 2565 quo·

215 2572 307 2663 que:
311 2570 413 2665 juxta
439 2568 688 2664 scripturarum
704 2570 914 2646 sententiam
935 2570 980 2647 de
998 2571 1067 2647 hac
1083 2571 1279 2664 questione

213 2682 333 2764 pauco
353 2669 637 2768 perstringamus.
690 2668 880 2745 Clariffime
899 2669 1007 2764 sane,
1032 2686 1075 2743 ut
1095 2669 1276 2765 speremus

214 2772 254 2842 in
278 2767 467 2863 Domino,
492 2770 588 2844 sacra
605 2789 675 2842 nos
697 2771 841 2861 eloquia
862 2768 1111 2846 adhortantur.
1146 2773 1278 2866 speret

215 2866 343 2961 enim,
376 2869 568 2962 inquiunt,
611 2870 707 2956 Israel
744 2871 785 2938 r'rr
824 2872 996 2942 Domina:
1037 2866 1115 2962 Et,
1152 2872 1277 2941 Damas

191 2997 192 3000 ¹
215 2967 475 3064 Israrb'sparaoit
491 2975 530 3039 in
552 2971 709 3056 Drmiam
733 2967 863 3064 adjarar
881 2988 986 3038 earum
1003 2963 1210 3064 oporatur
1228 2992 1278 3040 aa·

214 3090 290 3138 ram
305 3067 357 3167 ist·
407 3067 449 3142 ln
463 3067 694 3162 nonagesimo
713 3080 832 3141 autem
852 3060 990 3145 Psalmo
1007 3086 1080 3138 una
1101 3087 1181 3142 cum
1199 3066 1278 3143 aliis

214 3165 505 3265 promissionibus
533 3163 694 3262 persedio
727 3166 810 3239 viro
833 3164 1097 3239 diciturillud:
1132 3167 1279 3257 Scapulis

210 3271 288 3359 suis
308 3266 504 3339 obumbrabit
528 3268 609 3355 tibi,
634 3266 673 3343 θ
691 3266 753 3355 sab
767 3271 883 3363 pennis
906 3270 974 3363 ejus
992 3265 1151 3362 sperabis:
1178 3263 1279 3343 Scuto

214 3366 423 3439 circumdabit
448 3382 478 3438 ra
500 3371 626 3440 veritas
652 3369 732 3465 ejas.
792 3362 922 3439 Paulus
951 3379 1098 3460 autem,
1135 3367 1174 3440 in
1201 3372 1277 3458 q'uo

214 3465 355 3562 pendet
366 3467 425 3557 lex
441 3464 698 3560 &Propherae,
711 3466 856 3538 ‘volens
875 3462 1084 3557 ostendere,
1111 3466 1222 3556 quatis
1235 3467 1280 3540 fit
1337 3494 1343 3517 ¹

242 3567 455 3640 charitatem
477 3565 613 3664 dic0,)
634 3566 704 3639 ait:
733 3566 889 3637 Charitas
907 3570 1014 3637 omnia
1028 3565 1147 3654 credit,
1171 3570 1279 3637 omnia

163 3680 166 3684 ’
212 3563 341 3760 barat,
368 3670 474 3737 amnia
485 3664 631 3760 subimet.
659 3666 811 3761 Charitas
827 3688 993 3762 numquam
1008 3665 1138 3738 excidit.
1163 3663 1279 3766 Quod
1336 3747 1338 3751 y

216 3765 242 3840 sr
267 3785 450 3856 nunquam
471 3764 638 3838 excidere
662 3762 811 3859 persedii
828 3765 899 3836 viri
917 3761 969 3837 est
992 3784 1106 3858 opus,
1138 3763 1281 3856 quoda

217 3866 399 3940 charitate
424 3862 685 3960 proficiscitur,
709 3864 805 3936 iilius
828 3864 956 3959 etiem,
983 3863 1100 3955 quire
1119 3863 1280 3956 qualibet
1353 3950 1358 3958 Ι

221 3961 406 4050 laboriosa
432 3962 593 4058 superior
614 3962 697 4055 est,
735 3962 805 4034 erit
828 3964 949 4038 omnia
965 3976 1116 4055 propter
1142 3964 1280 4036 charita

213 4077 293 4145 tem
311 4061 503 4159 sustinere,
528 4062 703 4142 &omnia
719 4063 888 4236 medere,
912 4063 1077 4139 mmirum
1091 4081 1169 4155 qus
1183 4059 1278 4234 spurt,
1371 4104 1374 4113 =

270 4186 278 4211 ¹.
791 4183 812 4238 2
836 4219 838 4222 .
