3075 4875
271 385 339 478 rn
362 386 473 465 ere.
497 367 793 485 Juorcum.
817 384 967 465 non.
992 389 1078 470 vu.
1107 413 1118 473 ,·
1138 415 1201 489 ,47

205 571 235 624 ’o
255 547 483 648 finegligat,
516 548 648 644 &post
669 552 833 625 laborem
852 549 1051 645 proclivius
1069 549 1113 623 ad
1131 572 1200 627 vo·

205 665 299 724 tates
314 650 518 723 &luxurias
536 664 691 747 vergat,
718 653 840 724 omnia
856 652 889 724 ei
905 652 1087 723 bonorum
1103 649 1202 726 serni·

205 811 208 836 ‚
233 751 271 823 dc
287 749 423 826 nouus
451 748 557 834 senili
578 752 699 846 operis
720 751 930 824 dominante
949 750 1097 824 libidine
1110 771 1201 848 cor·

205 864 368 944 npuntur.
422 847 633 946 Comi-enim
649 847 895 924 subintroierit
913 841 1131 948 pecebtum,
1166 853 1202 932 dr

205 950 387 1022 nivaverit
401 935 555 1024 homiliis
570 946 725 1043 sensum,
750 964 792 1022 ut
801 953 873 1042 jam
886 970 962 1024 non
976 947 1139 1041 respiciat
1156 949 1201 1023 ad

205 1048 400 1142 rdataDei,
413 1070 481 1130 nec
494 1048 637 1123 'arduam
648 1050 794 1122 virtutis
807 1051 902 1125 viam
915 1051 1070 1122 libenter
1083 1048 1202 1122 ascen·

208 1201 221 1242 ,
248 1149 454 1242 depereunt
473 1150 613 1241 omnia,
638 1170 716 1241 que
731 1152 828 1243 prius
843 1150 985 1224 fuerant
1003 1149 1041 1220 in
1061 1148 1198 1236 horreo

205 1247 372 1323 scientie
399 1264 626 1345 congregata.
684 1248 881 1342 Propterea
909 1268 996 1345 ergo
1019 1246 1202 1342 scripturae

205 1346 386 1422 senonis
399 1345 571 1422 servanda
584 1349 824 1423 commonitio
841 1348 892 1422 est
903 1348 1074 1421 dicentis:
1104 1352 1204 1418 Omni

205 1452 272 1520 uia
278 1449 377 1537 serva
388 1466 478 1520 tuum
488 1472 549 1522 cor.
599 1446 879 1524 custodiendum
895 1448 946 1521 est
957 1448 1064 1543 igitur
1078 1467 1144 1520 cor
1157 1449 1202 1521 ab
1287 1535 1289 1542 Ι

205 1539 434 1643 ηἰρεεεειῑό,
461 1548 734 1644 &precipuein
745 1563 912 1644 tempore
929 1546 1200 1644 persecutionis.

205 1648 251 1720 ,ui
267 1649 362 1722 enim
375 1649 535 1742 accidat,
549 1648 635 1720 utin
648 1649 768 1739 aliquo
783 1648 924 1741 quidem
935 1662 1099 1746 tempore
1112 1651 1201 1720 'con-

205 1746 411 1846 gesfruttus
427 1747 587 1841 justitiae,
614 1748 807 1840 conquirat
823 1768 934 1839 opera
946 1743 1145 1846 virtutum,
1157 1747 1201 1830 z&

205 1845 308 1944 uibus
326 1844 361 1919 se
379 1847 624 1940 probatissimis
644 1850 789 1919 excolat
802 1847 1012 1942 disciplinis,
1036 1843 1201 1937 inperse-

205 1947 298 2020 ionis
321 1969 413 2019 vero
436 1961 601 2041 tempore
621 1945 775 2042 deneget
796 1944 933 2039 fidem,
970 1944 1035 2018 iste
1053 1944 1201 2019 condita

207 2048 264 2122 uia
279 2046 494 2137 evacuavit,
521 2068 566 2119 ex
580 2048 746 2128 omnibus
760 2043 989 2120 facultatibus
1001 2044 1068 2117 suis
1083 2045 1199 2116 nudus

206 2161 292 2220 ente
318 2148 352 2218 dt
371 2146 485 2218 inanis
502 2144 649 2219 effeetus
669 2145 742 2240 est,
771 2149 853 2238 quia
874 2148 934 2220 diu
956 2143 1138 2238 quaefitus,
1164 2145 1200 2216 dt

205 2247 257 2319 lto
272 2246 338 2317 vix
358 2246 483 2319 labore
501 2245 696 2338 colleblus,
723 2245 843 2320 subito
861 2246 977 2322 omnis
999 2242 1128 2317 effusus
1149 2242 1200 2317 est

205 2365 263 2417 ur:
289 2343 427 2419 &ficut
441 2347 528 2420 dicit
539 2347 739 2441 propheta,
756 2372 861 2419 omncs
867 2350 1002 2447 jufliriae
1013 2352 1098 2443 ejus,
1122 2367 1200 2442 quas

205 2462 240 2535 l,
265 2470 333 2515 narr
352 2448 680 2521 commemorabuntur.
730 2446 930 2544 Propterea
956 2467 1044 2541 ergo
1070 2444 1199 2517 fratres

205 2565 377 2619 rrecemur
396 2544 624 2640 Dominum,
661 2544 881 2622 confitentes
904 2551 937 2622 ei
959 2543 1201 2620 infirmitatem

205 2644 320 2738 lram,
345 2667 392 2719 ne
407 2667 475 2719 nos
494 2646 612 2719 nadal
630 2645 668 2719 in
685 2668 809 2720 manus
823 2647 992 2739 Madian,
1017 2666 1064 2719 ne
1083 2643 1200 2716 tradat

205 2744 259 2819 liis
276 2745 427 2819 animam
442 2743 679 2820 confitentem
692 2746 778 2839 libi,
805 2769 851 2822 ne
866 2769 934 2822 nos
945 2745 1064 2823 tradat
1078 2745 1114 2815 in
1129 2765 1201 2817 maa
1246 2752 1248 2757 ·

215 2857 412 2941 potentum
423 2865 571 2939 eorum,
589 2845 803 2939 qiridicunt,
818 2849 961 2941 quando
973 2846 1098 2919 veniet
1111 2857 1200 2916 tem·
1220 2918 1227 2928 ,

205 2974 230 3037 l,
263 2957 308 3015 ut
331 2944 432 3017 detur
456 2946 563 3018 nobis
584 2943 741 3040 potestas
765 2946 932 3020 adversus
954 2944 1198 3036 Christianos,
1222 2940 1225 2945 ’

205 3041 288 3119 mdo
305 3044 491 3118 tradentur
506 3047 542 3119 in
558 3066 682 3119 manus
698 3043 836 3117 nostras
848 3045 927 3139 isti,
953 3042 1060 3138 quise
1073 3043 1199 3114 dicunt

205 3162 300 3234 rere,
324 3145 387 3217 vel
405 3142 504 3217 nosse
521 3142 671 3217 Deum?
699 3145 812 3246 Quod
834 3145 1132 3234 &stradamur,
1161 3140 1200 3214 dr

206 3241 352 3335 eperint
369 3243 582 3339 potestatem
592 3242 723 3338 nostri,
750 3265 895 3319 oremus
908 3241 1199 3340 accipereaDeo

205 3356 337 3435 tutem,
362 3357 405 3414 ut
418 3341 584 3416 sustinere
604 3342 792 3436 possimus:
818 3361 859 3418 ut
875 3343 1007 3420 &fides
1021 3342 1143 3417 nostra
1161 3343 1200 3415 in

205 3438 308 3514 ffuris
326 3439 660 3515 &tribulationibus
678 3444 809 3517 clarior
824 3441 910 3541 fiat,
934 3460 976 3520 ut
988 3464 1052 3541 per
1064 3445 1201 3536 patien-

205 3539 398 3633 nnoslram
411 3542 553 3615 illorum
567 3543 752 3635 superetur
768 3545 1008 3640 impudentia,
1036 3543 1090 3636 dt,
1110 3544 1200 3615 sicut

205 3641 231 3712 it
244 3640 446 3732 Dominus,
462 3643 497 3713 in
516 3640 636 3714 nostra
650 3644 822 3736 patientia
834 3650 1052 3740 acquiramus
1067 3643 1200 3717 animas

205 3737 304 3814 iras:
331 3741 413 3833 quia
435 3743 606 3812 tribulatio
624 3749 816 3838 parientiam
838 3764 1012 3842 operatur,
1037 3750 1198 3840 patientia

205 3865 215 3909 r
224 3839 467 3937 prolationem,
489 3842 752 3935 probatio-aurem
761 3843 857 3941 spem.
906 3845 1202 3921 Pertenditenim
1288 3870 1290 3874 ·

205 3936 261 4012 ira
288 3941 463 4033 probatio
486 3961 562 4012 non
581 3962 695 4033 usque
721 3943 765 4015 ad
790 3945 943 4019 verbera
965 3944 1102 4034 solum,
1138 3940 1197 4016 sed

205 4062 250 4119 ue
259 4038 741 4140 adprofufionemsanguinis
751 4046 936 4139 pervenit:
957 4047 1038 4138 quia
1051 4039 1198 4214 {ghri-

736 4184 746 4202 ·
899 4212 924 4253 0
1135 4191 1153 4236 e
