3075 4875
236 441 375 520 aa.
544 423 1102 532 ualeant-as„
1245 429 1248 446 ·

236 612 316 667 non
328 601 516 686 putemus,
543 591 642 682 quod
653 591 717 665 iste
734 588 830 663 solus
846 586 1040 668 retrorsum
1056 605 1231 661 corruens
1244 610 1307 663 ex·

238 690 451 786 spiraverit,
480 686 540 762 sed
558 692 591 761 dt
608 712 704 764 nunc
726 693 750 764 st
772 692 849 782 quis
871 686 1066 762 retrorsum
1088 689 1250 782 corruit,
1276 689 1305 764 fi

239 792 318 884 quis
335 807 435 866 retro
450 791 680 864 convertitur
696 813 716 864 a
731 788 803 863 fide
820 789 1044 879 &veritate,
1070 785 1211 861 necesse
1228 787 1307 881 est,

238 905 282 964 ut
295 890 420 982 cadat,
447 889 482 962 &
504 904 546 961 ut
567 893 744 964 continuo
764 891 951 963 moriatur.
1002 887 1072 960 Sed
1092 886 1126 959 &
1146 890 1184 959 in
1205 888 1306 960 Deu-

239 991 452 1065 teronomio
467 992 701 1070 comminatio
717 991 970 1082 peccatoribus
983 987 1205 1078 intentatur,
1222 1010 1306 1062 cum

239 1091 389 1165 dicitur:
421 1091 469 1161 Et
485 1090 698 1186 opisthotonum
713 1090 910 1179 insanolr'lis.
963 1086 1231 1182 Opisthotonus
1246 1083 1308 1182 als·

238 1204 314 1264 tem
330 1190 420 1285 tergi
438 1187 680 1284 aegritudinem
697 1192 731 1264 dt
748 1188 987 1283 posteriorum
1008 1187 1160 1279 partium
1178 1183 1306 1289 fignifi-

161 1311 166 1320 ·
239 1304 321 1380 cat,
349 1290 525 1379 &utique
546 1311 622 1362 non
641 1292 713 1363 stne
736 1287 860 1381 causa,
889 1296 1051 1386 cumto't
1072 1305 1205 1381 genera
1223 1288 1306 1375 lan-

238 1387 362 1484 guoris
379 1388 577 1460 habeantur
592 1390 756 1482 humani,
784 1390 857 1461 hoc
872 1386 1083 1482 potillirnum
1101 1407 1213 1481 genus
1228 1388 1307 1459 lan·

237 1488 361 1585 guoris
381 1483 588 1560 adscribitur
605 1487 804 1588 peccatori.
853 1487 949 1562 Nam
966 1486 1000 1559 u
1015 1485 1051 1558 in
1066 1483 1196 1557 Genesi
1209 1497 1307 1558 uxor

237 1586 361 1680 Loth,
378 1608 455 1678 quae
473 1603 574 1659 retro
594 1587 770 1663 conversa
787 1586 856 1680 est,
874 1579 1036 1660 divinum
1049 1585 1179 1657 dicitur
1192 1599 1307 1658 uano·
1329 1584 1332 1600 '

237 1683 348 1782 grella
367 1701 610 1784 praeceptum,
636 1710 718 1782 quo>
736 1690 769 1761 ei
793 1688 997 1762 mandatum
1020 1683 1159 1775 fuerat,
1185 1706 1231 1757 ne
1249 1707 1305 1758 re·

236 1784 403 1868 trorsumx
413 1785 630 1883 respiceret,
664 1809 759 1863 neve
776 1787 885 1861 staret
900 1789 937 1859 in
957 1784 1056 1858 omni
1071 1785 1243 1879 regione,
1271 1785 1306 1858 dt

217 1885 321 1958 *ideo
342 1883 469 1960 effeila
485 1886 536 1961 est
555 1887 756 1963 staticulum
774 1887 863 1962 salis.
913 1885 1093 1958 Dominus
1109 1904 1256 1976 quoque
1270 1885 1305 1957 u

236 1984 406 2060 Salvator
430 1986 553 2061 noster
580 1991 617 2071 in
642 1988 881 2084 Evangelio:¹
899 1989 1019 2074 Nemo,
1053 1983 1194 2076 inquit,
1226 1990 1306 2056 mit·

237 2101 313 2168 rans
333 2111 461 2156 monum
477 2089 569 2177 suam
594 2092 632 2157 in
651 2106 825 2174 aratrum,
851 2085 891 2166 U
914 2102 1003 2156 retro
1026 2084 1188 2179 respiciens
1208 2101 1304 2182 aprus

235 2184 276 2281 epi
297 2208 389 2277 reguo
407 2190 483 2258 Dei.
533 2183 679 2279 Insuper
698 2207 866 2279 quoque,
895 2206 977 2279 cum
992 2183 1036 2256 de
1055 2187 1215 2276 pluribus
1238 2185 1305 2256 do·

238 2280 389 2377 cuilset,
426 2284 525 2358 addit
547 2290 582 2360 dt
599 2288 702 2379 hoc,
730 2286 878 2361 dicens:
911 2291 1071 2356 Memoris
1087 2285 1174 2381 epiote
1192 2290 1304 2356 uxoris

238 2386 341 2455 Lorii.
395 2383 582 2477 Optimum
595 2385 703 2482 igitur
718 2383 769 2460 est
786 2383 948 2459 oblivisci
962 2382 1110 2480 priora,
1129 2381 1305 2476 ,obliuisci

235 2483 439 2577 praeterita,
466 2490 518 2556 uti
534 2508 580 2559 ne
592 2487 875 2578 comprehendat
887 2505 955 2557 nos
971 2482 1226 2575 opisthotonos
1248 2483 1304 2558 in·

235 2581 397 2677 sanabilis
426 2587 601 2680 languor,
645 2606 762 2677 neque
797 2587 961 2659 cadamus
987 2582 1183 2657 retrorsum
1213 2584 1329 2659 ficut.

237 2682 344 2772 Heli,
371 2682 629 2759 &moriamut
745 2751 748 2758 ,
939 2728 943 2747 t
1063 2716 1066 2725 ι
1122 2710 1127 2721 ·
1168 2752 1170 2754 ,

310 2805 344 2873 7.
372 2781 424 2854 lbi
444 2799 561 2858 autem
582 2797 684 2857 erant
707 2783 780 2857 duo
798 2780 859 2856 filii
877 2783 971 2868 Heli.
1021 2780 1106 2855 Heli
1126 2780 1309 2871 interpre²
1330 2863 1332 2869 ,

235 2893 333 2953 tatur
346 2879 485 2966 Ambo,
512 2886 585 2957 five
603 2887 789 2959 extrarius.
839 2880 1302 2980 ExtrariusquippeaDeo

235 2981 308 3074 est,
336 2984 395 3073 qui
413 3004 490 3057 non
509 2997 612 3057 tenet
630 2983 873 3078 disciplinam,
901 2981 960 3074 qui
982 2982 1247 3072 delinquentem
1261 2977 1303 3055 fi-

233 3081 320 3153 lium
344 3102 421 3156 non
449 3083 620 3181 castigat,
649 3105 725 3156 non
744 3084 922 3176 corripit,
949 3096 991 3152 ut
1015 3082 1206 3155 emendet:
1241 3083 1303 3175 qui

233 3180 396 3273 indulget
415 3183 533 3274 vitiis,
561 3187 619 3274 qui
639 3180 765 3256 delicta
785 3203 862 3257 non
880 3180 1010 3274 punit,
1037 3181 1126 3253 licut
1143 3181 1177 3253 dc
1196 3178 1301 3275 Apo·

233 3278 346 3350 stolus
364 3280 485 3351 dicite
495 3283 625 3375 Quodſs
639 3298 732 3353 extra
754 3283 949 3378 disciplinam
966 3281 1059 3377 estis,
1085 3287 1175 3379 cujus
1194 3287 1303 3376 porri·

231 3382 310 3471 cipes
319 3375 407 3469 salii·
425 3379 503 3459 suni
521 3405 626 3451 omues
642 3433 653 3470 ,
686 3405 753 3475 crgo
769 3384 969 3469 adulterini,
994 3380 1034 3456 si
1056 3405 1122 3450 rim
1132 3383 1205 3472 filii
1219 3383 1301 3479 eflis.

230 3474 299 3549 Iste
317 3474 368 3548 est
391 3497 479 3574 ergo
503 3479 613 3574 Heli,
647 3482 707 3571 qui
729 3496 881 3574 propter
900 3480 977 3552 haec
1001 3483 1148 3575 punitur
1166 3505 1185 3553 a
1202 3479 1300 3557 Deo.

230 3576 428 3649 Videamus
444 3592 584 3672 autem,
611 3581 671 3670 qui
689 3575 768 3652 sunt
787 3583 822 3653 dc·
835 3577 899 3652 filii
914 3580 1001 3670 ejus.
1030 3579 1141 3671 Ofni,
1157 3582 1299 3675 inquit,

231 3674 267 3746 dt
288 3673 428 3751 Fiuees.
483 3679 749 3772 Interpretatur
774 3694 892 3754 autem
917 3678 1007 3752 Ofni
1028 3679 1187 3752 excessus
1211 3701 1299 3754 con·

232 3773 420 3849 versionis.
473 3776 531 3849 De
551 3778 579 3851 F
584 3800 723 3853 enenna
743 3796 862 3853 autem
885 3780 994 3872 paulo
1019 3793 1102 3850 ante
1123 3780 1299 3873 diximus,

233 3874 332 3964 quod
357 3871 444 3946 ellet
472 3878 688 3951 conversio:
722 3880 781 3950 hic
803 3893 944 3969 autem,
978 3880 1037 3969 qui
1063 3880 1229 3970 excedit,
1264 3878 1301 3953 dt

233 3974 345 4068 longe
366 3972 516 4046 efficitur
537 3976 579 4048 ab
592 3976 881 4069 emendatione,
895 3998 963 4049 nec
981 3979 1151 4052 converti
1162 3980 1243 4051 vult
1257 3980 1301 4053 ad

169 4178 172 4183 .
232 4069 454 4171 Dominum,
478 4091 675 4173 propterea
690 4077 818 4173 impius
831 4091 1043 4172 permanet..
1064 4076 1152 4152 ‘Sed
1170 4078 1204 4150 dt
1225 4081 1302 4170 qui·

1151 4198 1249 4257 cum·
