3075 4875
207 349 355 477 *n
470 461 473 465 .
575 320 985 476 outonnrs
1084 411 1109 492 3x
1208 319 1211 326 ¹

235 570 323 650 ergo
351 544 401 625 est
417 541 513 628 filius
527 555 672 652 gratiae,
708 562 768 653 qul
787 556 872 632 Deo
894 570 1002 658 pacat
1019 549 1057 654 dt
1075 550 1194 628 verbo
1212 547 1298 630 Del.

174 704 176 708 η
234 651 302 726 Vis
321 667 438 724 autern
457 655 722 732 evidentiorem
742 656 808 733 tibi
830 653 1014 736 ostendam
1035 653 1298 750 &inurange-

235 753 293 825 liis
307 752 507 843 hujusmodi
520 751 763 854 intelligentia
783 759 954 850 formam',
981 775 1058 848 quae
1069 757 1107 826 in
1124 756 1204 852 lege
1223 753 1299 845 qui·

212 860 215 878 '
238 851 320 924 dem
335 852 563 925 adumbratur
580 875 644 947 per
658 874 819 951 uxores,
844 859 882 931 in
896 855 1099 951 bvangellis
1118 870 1221 935 vero¹
1226 854 1300 945 jam

237 949 386 1046 presens
413 946 622 1027 describitur
646 976 711 1049 per
732 955 911 1031 sorores?
946 953 1041 1029 Vide
1062 951 1246 1046 Martham
1264 952 1299 1024 dt

176 1054 179 1072 '
233 1049 409 1141 Mariam,
433 1049 481 1123 'ex
501 1056 627 1145 quibus
645 1050 951 1148 quidemMartba
972 1052 1235 1143 conturbatur,
1261 1050 1297 1122 dt

236 1146 369 1243 satagit
386 1150 480 1223 eirca
503 1151 654 1229 multum
682 1154 940 1249 ministerium,
977 1156 1011 1227 δι
1035 1151 1159 1244 explet
1185 1157 1297 1243 opera

238 1250 507 1342 conversionis,
535 1253 735 1346 &perbaec
750 1257 854 1344 velut
866 1248 1113 1332 conversionis
1131 1240 1228 1322 filios
1238 1268 1297 1344 ge·

236 1359 352 1420 neret.
409 1348 527 1422 Maria
549 1374 642 1426 vero
666 1350 766 1428 secus
791 1350 900 1448 pedes
917 1353 1033 1426 Verbi
1056 1349 1128 1426 Dei
1156 1349 1297 1421 intenta

239 1446 411 1537 optimam
427 1463 566 1542 partem
583 1446 721 1550 elegisse
740 1450 890 1545 dicitur,
917 1452 1030 1546 &per
1043 1450 1118 1523 haec
1130 1447 1299 1542 intelligi·

199 1593 205 1602 ι
238 1557 299 1616 tur
315 1546 418 1618 velut
435 1551 555 1644 gratiae
569 1556 726 1649 germina
742 1566 945 1647 procreate.
978 1546 1038 1623 Sic
1051 1545 1137 1645 erg'o
1157 1545 1298 1619 &nunc

237 1650 346 1717 Anna
361 1660 511 1743 generat
522 1642 657 1727 filium(
698 1652 822 1752 Quem
840 1648 979 1724 filium?
1005 1648 1223 1739 Samuelem,
1244 1647 1297 1718 in·

238 1747 346 1836 quit,
362 1747 421 1837 qui
437 1746 520 1821 Deo
539 1749 674 1846 assistit,
701 1747 745 1825 de
760 1753 880 1844 quoin
900 1744 1038 1823 Psalmis
1050 1747 1199 1821 diciturt
1222 1750 1298 1815 Mo-

231 1853 282 1937 Jrs
299 1843 338 1920 (ὅ
350 1850 464 1918 Aaron
486 1855 524 1919 in
540 1849 751 1940 sacerdoribus
771 1856 857 1949 ejus,
883 1850 922 1929 U
940 1850 1068 1923 Samuel
1088 1854 1125 1917 in
1139 1846 1215 1937 lais,
1241 1848 1296 1943 qui

237 1951 394 2017 invocant
413 1968 525 2047 nomeu
540 1956 622 2050 ujus.
665 1948 749 2026 'Sed
767 1948 992 2121 &geremias
1012 1941 1123 2022 dicits
1152 1949 1193 2015 Si
1206 1945 1297 2041 stett-

237 2051 312 2117 rint
329 2047 433 2136 Mases
448 2049 486 2124 di
504 2047 631 2123 Samuel
644 2056 682 2123 in
698 2047 805 2145 conspe
838 2076 860 2122 rr
876 2073 962 2129 mea,
985 2068 1052 2121 non
1066 2049 1228 2117 dimittam
1240 2055 1296 2118 eis.

236 2143 273 2217 Si
287 2161 374 2242 ergo
395 2158 515 2221 tantus
535 2150 568 2222 u
585 2149 664 2223 talis
679 2147 729 2234 est
740 2145 833 2223 filius
850 2146 988 2247 gratiae,
1015 2148 1048 2220 ἀ
1066 2160 1135 2218 nos
1154 2140 1296 2219 festine·

231 2249 314 2319 'mus
334 2246 476 2336 quidem
489 2246 532 2320 ad
547 2247 663 2325 Annae
679 2248 843 2343 nuptias,
865 2248 928 2332 sed
943 2247 1122 2341 patienter
1135 2260 1294 2339 agamus,

237 2357 280 2416 ut
295 2346 390 2437 prius
409 2347 514 2419 nobis
531 2337 595 2421 filii
610 2349 655 2423 de
668 2347 906 2441 conversione
923 2342 1128 2437 nascantur,
1147 2337 1244 2439 prius
1257 2343 1298 2416 in

237 2447 345 2519 bonis
358 2448 526 2538 operibus
545 2448 761 2543 placeamus,
771 2463 859 2522 tunc
875 2442 1003 2523 deinde
1016 2446 1102 2520 &de
1118 2445 1244 2540 gratia,
1260 2442 1296 2538 dt

237 2545 339 2618 dono
361 2544 501 2638 spiritus
516 2543 627 2628 filium
643 2566 886 2644 procreemus.
937 2544 987 2619 Et
1005 2547 1143 2637 qualem
1155 2539 1296 2616 fillum?

238 2644 364 2741 Qualis
385 2645 443 2716 hic
458 2643 551 2720 iilius
569 2646 638 2734 est,
658 2644 820 2741 Samuel,
844 2647 980 2740 inquit,
1007 2646 1066 2737 qui
1082 2646 1294 2735 interpreta·

238 2741 363 2818 turibi
384 2739 457 2839 ipse
472 2740 584 2825 Deus.
635 2746 776 2840 Vides,
796 2743 922 2839 quales
940 2738 1034 2818 filios
1054 2748 1206 2839 generat
1220 2758 1294 2836 gra·

180 2894 184 2901 η
228 2843 319 2937 tia?
344 2843 402 2917 Sic
426 2840 519 2920 enim
544 2842 711 2940 scriptum
734 2843 785 2921 est
803 2848 848 2920 de
865 2846 943 2939 bis,
976 2840 1036 2936 qui
1058 2843 1198 2937 spiritus
1217 2856 1293 2937 gra·

237 2947 324 3019 tiam
338 2943 520 3018 consecuti
539 2945 637 3036 sunt,
663 2944 805 3021 dicente
823 2945 1029 3039 Apostolo:
1056 2950 1096 3013 δι’
1115 2961 1190 3014 uem
1218 2944 1295 3012 Pro·

234 3049 334 3145 phata
351 3052 476 3146 intret,
501 3064 560 3119 aut
580 3052 765 3146 imparitas,
791 3059 849 3118 aut
866 3050 964 3117 idiota
981 3049 1223 3119 inconventum,
1240 3059 1294 3111 ue·

231 3149 353 3244 strum,
379 3149 569 3239 drfcerm‘rur
587 3148 627 3219 ab
643 3136 803 3235 omn'r'bus,
829 3146 947 3217 occulta
967 3164 1085 3240 quoque
1105 3146 1207 3214 cardis
1226 3139 1294 3240 ejus

178 3315 179 3318 ,
236 3246 404 3344 manifesta
411 3247 523 3336 fient}
550 3247 589 3324 θ
607 3264 685 3327 runt
699 3249 811 3318 cadens
825 3249 862 3315 in
871 3245 989 3338 faciem
1003 3243 1147 3315 adorabit
1167 3246 1292 3328 Deum,

235 3347 358 3434 dicens,
384 3352 542 3442 quievere
556 3348 693 3433 Deutin,
705 3348 793 3418 vobis
805 3345 857 3517 edi.
894 3337 979 3417 Hoc
994 3338 1044 3415 est
1055 3357 1164 3437 eigo,
1191 3331 1292 3434 quod

233 3445 490 3539 interpretatur
510 3443 669 3543 Samuel,
695 3445 743 3518 ibi
766 3448 801 3538 ip
818 3468 838 3516 e
862 3441 974 3517 Deus.
1023 3436 1098 3514 Ubi
1116 3443 1210 3517 enim
1229 3434 1294 3536 spi·

234 3545 323 3618 ritus
342 3547 481 3642 gratiae,
506 3541 555 3619 ibi
572 3542 643 3640 ipse
659 3537 727 3619 esse
749 3542 879 3619 dicitur
892 3544 1004 3619 Dent.
1055 3540 1126 3613 Sed
1144 3540 1208 3615 iste
1224 3558 1292 3613 no·

234 3645 290 3720 bis
301 3649 379 3718 talis
396 3637 489 3718 filius
504 3661 581 3743 non
593 3645 712 3743 potest
725 3643 839 3737 nasci,
866 3640 928 3716 niil
944 3632 1289 3735 praecess‘etintprius

235 3741 301 3833 filii
315 3739 521 3834 Fenennae3
547 3745 610 3819 nist
629 3745 721 3819 enirn
739 3741 941 3838 precedant
957 3754 1068 3834 opera
1082 3741 1290 3814 conuerfio·
1328 3806 1330 3811 .

234 3843 316 3938 nis,
342 3861 417 3933 non
439 3836 614 3919 meremur
626 3845 772 3942 gratiam
789 3843 950 3938 spiritus,
976 3862 1044 3917 nec
1061 3854 1106 3916 ex
1120 3838 1193 3935 ipsa
1209 3829 1293 3936 pos·
1313 3858 1315 3861 ·

233 3944 349 4024 sumus
370 3941 505 4024 donum
524 3939 664 4040 spiritus
681 3943 861 4043 generare.

1129 4127 1240 4220 uiri.
