3075 4875
380 377 1075 510 snnncrnrnrsn'nn'os.
1129 379 1132 388 '
1191 367 1258 523 ni
1346 475 1353 490 Ι

206 602 344 683 quatur·
356 589 419 684 id,
446 590 544 684 quod
567 589 749 684 vituperio
777 589 921 687 dignum
940 610 1017 663 non
1037 579 1098 665 est.
1150 593 1264 694 Quod

206 692 325 763 innuit
337 690 390 763 bis
410 692 547 764 verbis:
573 688 612 767 (⁴5
631 695 730 761 nolin
745 710 877 786 peccare.
927 687 1053 762 Docet
1065 690 1172 786 igitur
1187 694 1263 769 hoc
1309 695 1311 718 ²

206 794 295 868 loco
317 789 513 884 scriptura,
540 788 610 863 elie
632 794 718 862 iram
736 789 909 882 aliquam,
936 808 1106 878 quaenon
1122 791 1163 864 srt
1179 815 1264 886 pec·
1311 839 1313 844 ·

206 904 347 983 catum,
374 911 520 983 quaeque
544 891 704 990 nondum
719 908 742 980 ¹a
759 891 870 964 libera
887 890 1077 962 voluntate
1094 889 1174 963 orta
1191 914 1262 968 nos

205 1004 350 1086 urgeat,
378 989 500 1063 &aliis
516 1003 660 1065 noceat.
695 989 791 1061 Huic
806 989 1049 1083 explanationi
1065 990 1169 1063 nocis
1183 994 1264 1085 iras·
1296 991 1299 996 '

206 1097 327 1174 cimini,
338 1087 547 1185 suffragatur
567 1088 716 1182 Aquila,
743 1088 802 1180 qui
824 1089 1027 1161 hebraicum
1039 1091 1193 1183 proprie
1209 1094 1262 1167 in·-

204 1190 394 1284 terpretari
411 1190 542 1264 noluit.
592 1188 880 1262 lnvolunturium
897 1190 1011 1281 enim,
1037 1190 1137 1280 quod
1157 1205 1263 1284 antea

205 1289 379 1381 diximus,
414 1309 433 1359 a
449 1290 630 1360 nonnullis
645 1287 772 1360 vocari
786 1287 935 1380 primam
953 1289 1279 1387 commotionem,

204 1387 502 1461 turbationem&
525 1390 810 1463 commotionem
831 1386 936 1459 animi
954 1383 1023 1462 else
1046 1389 1260 1486 arbitratus,

205 1490 273 1562 ait:
305 1485 512 1574 Turlimini,
538 1493 577 1564 <5
591 1488 689 1559 nolim
700 1497 839 1584 peceare.'
887 1488 1000 1585 Quod
1016 1488 1171 1583 quidem,
1190 1503 1284 1564 aurii
1316 1506 1318 1509 ’

204 1588 345 1674 lamini,
367 1605 445 1659 non
455 1586 506 1662 est
520 1584 557 1660 in
573 1588 790 1683 imperativo
799 1583 927 1679 modo,
944 1584 1150 1680 (absurdum
1167 1592 1262 1668 enirn

207 1686 259 1761 est
282 1687 496 1781 prophetam
515 1691 710 1781 precipere
723 1685 988 1783 turbationem)
1005 1684 1063 1759 sed
1077 1688 1113 1760 in
1129 1689 1262 1764 indica·

204 1788 287 1860 tivo
304 1787 441 1880 modo,
466 1801 509 1859 ut
532 1787 685 1862 diximus
701 1789 747 1861 de
768 1805 868 1858 voce
888 1787 1065 1875 irascimini
1072 1808 1087 1872 3
1112 1790 1263 1880 perinde
1322 1808 1324 1812 ·

206 1907 249 1959 ac
264 1886 290 1960 s1
308 1885 463 1959 diceret:
489 1885 526 1959 Si
543 1886 651 1960 vobis
666 1888 875 1983 contingat,
900 1881 943 1958 ut
954 1886 1169 1984 turbemini,
1195 1911 1263 1963 no·
1327 1900 1329 1904 '

202 1987 268 2061 lite
284 2004 446 2082 peccare.
740 2065 746 2074 ,
954 2001 956 2006 ·
1133 2001 1135 2006 ·

279 2090 360 2179 Qua
374 2087 480 2157 initii
492 2089 530 2156 in
542 2085 684 2158 cordibus
695 2085 827 2184 vestris,
849 2088 888 2157 in
897 2083 1044 2157 cubilibus
1055 2087 1168 2184 vestris
1180 2097 1263 2160 cnm-i

201 2191 398 2286 pungimini,
414 2182 501 2278 bn]
522 2185 595 2259 His
609 2187 756 2259 videtur
770 2184 923 2278 docere,
950 2188 1145 2277 quemlibet
1164 2190 1271 2264 cubit

203 2301 282 2359 tum
301 2291 445 2360 euntem
457 2285 587 2359 debere
601 2307 622 2358 a
634 2283 746 2380 seipso
762 2293 1004 2379 eorum,'quae
1013 2277 1167 2359 interdiu
1181 2311 1263 2386 ege·
1283 2293 1308 2382 J·

204 2388 272 2480 rit,
298 2386 684 2481 rationem-repetere,
705 2386 876 2478 &obea,
903 2383 1264 2478 quaecontnreitam'

205 2489 383 2560 rationem
407 2486 557 2578 fecerit,
597 2484 744 2581 seipsum
767 2486 1000 2578 improbare,¹
1027 2508 1195 2583 arguere,
1228 2491 1264 2564 dt

205 2588 328 2659 verbis
345 2604 599 2683 compungere.
648 2584 744 2659 Nam
765 2585 878 2681 srboc
894 2600 1061 2659 accurate
1080 2609 1121 2659 ac
1137 2587 1263 2663 sedulo
1306 2590 1308 2595 ’

205 2683 300 2781 fiat,
337 2689 380 2759 ab
407 2682 565 2759 honestis
585 2706 655 2758 nec
677 2685 916 2779 abducemur,
954 2705 1024 2758 nec
1045 2685 1263 2764 delabemur‘.

205 2788 298 2883 Quae
315 2785 456 2879 dicitis,
482 2784 619 2877 inquit,
646 2804 772 2858 cavos
795 2801 1057 2881 compungant,
1085 2782 1264 2876 qu'otem·

203 2905 297 2982 pore
320 2886 362 2959 ad
383 2883 631 2959 dormiendum
649 2883 872 2958 decumbitis.
917 2882 1029 2956 'Parte
1048 2887 1187 2980 utitur,
1220 2896 1263 2960 ut

205 2986 327 3061 omnia
339 2999 489 3080 peccata
498 2984 644 3059 indicet.
669 2982 752 3055 Pars
768 2995 1002 3076 peccatorum
1011 3003 1053 3056 ea
1069 2982 1162 3078 sunt,
1185 2987 1264 3078 quai

202 3087 325 3160 verbis
340 3084 625 3158 committuntur.
665 3081 718 3155 Ea
732 3082 831 3155 forte
851 3083 924 3154 hoc
939 3083 1265 3175 locopraemittun·
1297 3104 1310 3178 f

202 3200 264 3260 tur
280 3187 355 3258 aliis
367 3185 545 3279 peccatis,
573 3202 650 3275 quae
664 3180 849 3281 operando
860 3178 965 3256 fiunt.
1001 3179 1264 3259 Caeterumhoc

202 3287 375 3360 verbum:
397 3307 640 3380 nnnnnvpnrt,
665 3288 930 3378 compungimini,
959 3284 1057 3375 quod
1079 3282 1178 3358 forte
1201 3308 1264 3361 ne·

204 3407 275 3479 que
297 3386 389 3478 apud
410 3385 570 3458 eruditos
591 3380 783 3478 scriptores
800 3380 949 3456 Graecos
970 3382 1176 3475 invenitur,
1195 3398 1264 3460 ¹ne·

204 3507 276 3578 qua
297 3487 334 3557 in
349 3486 412 3557 usu
433 3483 485 3556 est
508 3483 599 3576 apud
621 3504 707 3574 cos,
734 3482 794 3575 qui
818 3500 931 3577 graeca
944 3485 1068 3579 ¹lingna
1085 3496 1263 3583 utuntur,

201 3586 325 3678 saepius
338 3600 456 3658 tamen
469 3585 616 3676 proprie
631 3585 675 3654 ab
692 3584 949 3674 interpretibus·
959 3580 1159 3675 usurpatur,
1179 3604 1265 3663 cum

201 3686 320 3761 sermo
339 3683 389 3756 est
404 3686 449 3757 de
462 3684 525 3773 iis,
553 3684 611 3774 qui
627 3681 836 3755 delictorum
856 3685 917 3755 vel
936 3683 988 3756 rei
1010 3683 1201 3774 cujuslibet
1214 3684 1264 3759 ala

202 3781 440 3877 terius-causa
461 3784 684 3857 mordentur.
734 3781 792 3854 Sic
814 3786 850 3854 in
876 3780 987 3854 terdo
1008 3784 1102 3854 libro
1121 3783 1264 3879 Regum

201 3904 349 3961 narrans
366 3881 557 3978 scriptura,
578 3884 765 3973 quomodo
780 3883 906 3955 Achab
917 3902 980 3955 rex
993 3881 1096 3955 Israel
1111 3887 1160 3953 ob
1175 3903 1266 3956 con·
1295 3934 1304 3947 ,

203 3987 365 4077 'cupitum
382 3980 536 4056 Naboth
555 3982 776 4076 Jezrahelitae
794 4003 921 4079 agrum
937 3980 1169 4074 reprehensus
1191 3990 1302 4076 poeox'

202 4082 392 4164 nitentium
409 4083 542 4182 egerit,
568 4084 634 4160 ait:
665 4087 893 4162 Verumtamen
909 4084 1037 4183 frustra
1057 4082 1187 4166 Atini,
1207 4086 1264 4182 qni
1298 4101 1302 4109 ·

875 4218 878 4223 ·
1080 4203 1231 4269 nanum„
