3075 4875
168 441 170 448 ¹
257 511 382 583 ιο»
483 424 987 565 sorronurs

259 615 455 765 unicuique
474 650 675 764 minimouin
691 645 876 746 Ecciefia',
908 650 968 766 qui
986 647 1094 763 etiam
1108 625 1246 740 semper
1263 601 1337 720 tii-⁸

260 752 347 826 dete
372 750 540 824 dtcuntur
558 750 687 825 sacram
705 751 848 848 patris,
871 771 932 842 qur
955 771 991 821 m
1018 749 1113 820 coeits
1138 747 1199 820 est„
1251 744 1320 842 ipo

260 865 350 946 ergo
375 847 455 923 sunt
477 851 683 944 principes,
712 849 807 924 &ab
823 847 902 943 ipsis
923 849 1030 930 nobis
1049 844 1130 919 suat
1152 844 1322 919 sumenda

170 1012 173 1024 .
258 947 444 1046 principia.
494 949 608 1022 Verbi
622 950 759 1045 gratia:
785 951 810 1024 st
832 950 980 1041 estquis
995 966 1084 1040 puer
1099 946 1143 1017 ad
1162 943 1319 1039 scholas,

259 1045 459 1144 amagistro
473 1048 616 1147 quidem
633 1047 838 1142 suscipitur,
866 1048 1063 1122 &efficitur
1078 1044 1171 1117 illius
1194 1044 1322 1117 dudio·

259 1148 309 1222 ris
332 1145 549 1240 discipulus,
579 1146 638 1221 sed
659 1165 742 1221 non·
755 1145 871 1221 statim
896 1145 1050 1221 discendi
1072 1142 1210 1237 abipso
1234 1163 1321 1237 prta-

260 1260 414 1340 ceptore
430 1244 532 1320 sumit
553 1247 766 1321 exordium:
800 1248 858 1321 sed
877 1268 958 1321 cum
977 1249 1020 1319 ab
1039 1266 1086 1317 eo
1109 1245 1320 1337 prima‘tan·

195 1377 197 1381 ·
259 1357 336 1419 tum
363 1346 539 1420 elementa
564 1344 778 1440 susceperit,
804 1347 954 1419 traditur
979 1344 1055 1418 aliis
1079 1342 1316 1433 erudiendus,

259 1459 303 1520 ut
320 1445 371 1518 ita
389 1441 529 1548 dicam,
563 1442 692 1519 schoiae
712 1445 816 1538 ipsius
838 1447 1056 1539 principibus
1072 1464 1092 1515 a
1113 1460 1155 1514 ut
1176 1463 1257 1515 eum
1276 1444 1319 1514 ab

259 1543 356 1641 iilis,
382 1561 553 1635 quantum
567 1545 681 1617 inillis
696 1543 768 1638 est,
794 1544 1084 1634 fueritedoctus,
1112 1542 1237 1618 &cum
1251 1540 1319 1633 pri·

260 1664 318 1720 ma
346 1643 438 1736 apud
472 1665 536 1716 eos
569 1642 774 1737 deposuerit
805 1645 1032 1737 rudimenta,
1067 1656 1144 1714 tum
1177 1641 1320 1715 demum

259 1741 367 1835 ipsrus
406 1741 565 1816 dodoris
595 1741 812 1835 perfetuora
839 1758 1018 1841 praeeepta
1042 1740 1214 1834 suscipiat.
1266 1737 1319 1810 Ita

216 1897 223 1903 .
261 1853 352 1938 ergo
377 1842 485 1915 etiam
509 1863 606 1915 nunc
630 1843 894 1918 institutionum
919 1843 1118 1934 nostrarum
1143 1841 1321 1912 initiare·

178 1997 197 2042 ·,
258 1954 389 2037 petens
404 1941 607 2036 prophetia
631 1944 743 2035 dicit,
780 1943 907 2037 quod,
942 1963 1069 2016 cuma
1098 1938 1318 2035 principibus

261 2042 501 2135 toeperimus,
524 2043 586 2114 vel
610 2043 790 2138 principes
823 2044 997 2138 coeperint
1025 2039 1165 2137 operari
1191 2039 1231 2110 in
1255 2057 1320 2109 no

260 2140 346 2230 bis,
381 2139 510 2214 deinde
536 2161 605 2213 nos
630 2136 823 2215 voluntate
848 2141 881 2215 du
909 2142 1104 2235 proposito
1138 2135 1321 2229 subsequa·

170 2258 174 2269 ’
260 2257 382 2313 murt.
405 2237 439 2311 dr
466 2236 557 2326 audii
570 2239 790 2332 profertibus
813 2242 861 2317 sic
879 2242 922 2313 ad
945 2239 1228 2315 benedicendum
1248 2238 1321 2328 jam

259 2334 372 2431 ipsum
389 2336 584 2412 Dominum
602 2340 811 2417 veniamus..
833 2337 918 2430 Sed
937 2342 1144 2430 uideamus,
1171 2337 1257 2428 quid
1272 2335 1322 2407 di·

262 2440 338 2510 cit:
367 2440 407 2510 Itt
428 2441 626 2534 incipiendo,
652 2441 793 2533 inquit,
817 2447 970 2537 principes
997 2449 1034 2510 in
1060 2440 1166 2529 draci.
1218 2437 1322 2509 initia

258 2538 378 2632 juvari
395 2539 644 2632 aprincipibus
662 2540 847 2633 dicuntur:
871 2539 953 2633 post
967 2542 1043 2614 haec
1058 2560 1150 2631 vero
1164 2537 1236 2629 jam
1253 2557 1319 2606 vo·
1349 2608 1355 2629 Ι

260 2637 581 2734 luntatepropria,
609 2638 849 2735 &propoiito
859 2640 1044 2713 nitendum
1058 2637 1130 2730 est,
1156 2651 1198 2708 ut
1212 2637 1318 2716 bene-

262 2735 392 2811 'dicere
403 2735 600 2813 Dominum
616 2760 826 2814 mereamur.
876 2739 971 2813 Nam
988 2740 1021 2812 dr
1042 2737 1197 2833 populus
1216 2734 1319 2808 Israel

264 2854 346 2909 cum
364 2835 541 2928 inciperet
556 2838 656 2912 exire
674 2839 719 2912 de
731 2838 917 2935 AEgypto,
944 2837 1137 2911 &transrre
1149 2856 1247 2910 mare
1262 2855 1322 2906 ru·

262 2936 388 3029 bruni,
404 2936 491 3011 nihil
505 2936 608 3032 ipsrus
618 2940 768 3034 proprio
783 2940 926 3024 labore,
953 2935 1011 3011 sed
1023 2951 1141 3011 totum
1152 2935 1320 3029 perprim-

264 3036 447 3129 cipes,'id
461 3035 533 3130 est,
559 3059 623 3130 per
637 3040 783 3135 angelos
794 3040 975 3135 agebatur.
990 3120 992 3123 ,
1012 3036 1193 3128 Denique
1208 3034 1324 3108 src'di-

217 3224 222 3239 A
262 3136 315 3208 cit
335 3134 486 3227 Moyses
507 3136 550 3210 ad
566 3140 766 3233 populum:
798 3143 883 3226 Vos,
914 3138 1051 3229 inquit,
1087 3137 1252 3222 tacebitis,
1282 3133 1322 3210 ὅ

160 3287 163 3291 ,
226 3258 233 3267 ’
262 3236 425 3307 Dominus
442 3237 594 3331 pugnabit
607 3258 663 3333 pro
678 3238 777 3308 vobis.
823 3237 969 3331 ,Aperte
989 3237 1083 3308 enim
1101 3237 1323 3331 angelus'ua·

160 3336 164 3341 ’
201 3386 208 3395 ,
262 3332 376 3409 stator
394 3354 464 3429 pro
483 3335 533 3408 eis
550 3333 716 3430 pugnasse
731 3334 961 3429 describitur,
989 3336 1047 3426 qui
1066 3333 1322 3431 AEgyptiorum

229 3481 232 3490 ·
263 3431 407 3525 quidem
419 3435 657 3532 primogenita
669 3436 873 3529 interemit,
899 3433 1130 3509 israelitarum
1146 3455 1239 3507 vero
1255 3455 1323 3508 nec

260 3534 375 3627 pecus
399 3532 689 3624 quidemmutire
713 3534 813 3613 fecit.
852 3535 989 3609 Verum
1010 3554 1085 3607 non
1104 3531 1242 3628 semper
1264 3557 1325 3608 ex·

260 3628 489 3725 spodiandurn
508 3632 580 3727 est,
606 3634 649 3707 ut'
663 3637 777 3732 angeli
791 3652 859 3728 pro
879 3636 987 3707 nobis
1005 3648 1184 3728 pugnent,
1211 3632 1324 3708 sedin

260 3730 471 3824 incipiendo
489 3735 762 3826 tantummodo,
789 3734 825 3809 id
844 3731 916 3827 est,
942 3736 978 3807 in
997 3733 1106 3816 initiis
1124 3733 1276 3826 nostris,
1301 3756 1323 3808 a

260 3830 482 3927 principibus
506 3835 636 3930 angelis
667 3835 889 3925 adiuvamur.
954 3831 1130 3908 Ceterum
1158 3827 1326 3929 proc‘eiin

261 3932 439 4022 temporis
465 3947 615 4027 oportet
639 3934 746 4008 etiam
769 3931 954 4024 nosipsos
977 3934 1081 4013 exire,
1098 3947 1255 4008 armatos
1281 3936 1325 4008 ad

261 4031 393 4125 prelia.
446 4028 545 4106 Ante
557 4030 656 4106 ‘enim
682 4054 785 4125 quam
808 4034 901 4105 bella
918 4033 1107 4123 discamus,
1135 4051 1327 4126 antequam

261 4152 399 4232 pugnas
417 4130 569 4210 Domini
587 4153 712 4230 parare
726 4132 963 4241 meditemur,
990 4132 1246 4230 aprincipibus
1268 4157 1327 4210 ao·

491 4274 494 4279 .
763 4250 772 4285 -·
1187 4234 1274 4331 gelis
1359 4293 1364 4301 .
