3075 4875
156 324 162 424 i

393 365 1108 520 *satrcrarursnruot
1210 373 1310 556 φρ(
1371 443 1374 447 ·

208 598 273 692 [td
297 600 334 668 in
357 597 502 671 dnum
514 602 676 695 spiritus,
707 605 770 692 iis,
803 628 872 703 qu
886 604 1026 703 spiriru
1034 609 1282 705 percipiuntur,
1363 571 1382 580 -·

209 693 383 798 spiritulia
397 721 627 796 temperantes.

217 862 278 984 Et
305 882 515 1016 ramerudis
535 927 614 985 non
632 903 763 1009 paucis
784 925 1009 1010 computans
1020 897 1280 1017 fingulariter

222 1035 228 1048 ·
309 1029 447 1125 pontus
465 1011 653 1099 haurirem
669 1042 754 1100 curn
772 1016 847 1115 irs,
877 1041 962 1128 quae
979 1019 1186 1124 pluraruer

513 1145 646 1241 pqerae
665 1125 833 1241 juerant
846 1186 859 1230 ,
893 1132 976 1216 ait:

291 1324 326 1392 4.
353 1298 388 1372 Si
411 1314 529 1384 autern
551 1309 676 1402 etoquia
695 1305 859 1394 Domini,
893 1307 1013 1399 eloquia
1034 1303 1141 1404 rufio,
1166 1322 1279 1404 argmn'

210 1413 285 1474 tum
300 1409 366 1496 igni
378 1415 608 1491 examinutum,
627 1405 792 1503 probatum
804 1419 893 1475 terra
901 1454 914 1487 ,
928 1424 1130 1502 expurgatum
1137 1409 1276 1505 [aptior

176 1501 472 1600 ‘'exquifitissima
492 1497 576 1576 c'ura
596 1501 629 1574 a
652 1503 769 1578 studio
796 1507 946 1597 Spiritus
958 1502 1099 1586 „sandius
1122 1529 1186 1600 per
1208 1510 1276 1584 rni-

203 1600 344 1675 nistros
372 1604 473 1673 verbi
498 1602 561 1675 ista
583 1603 761 1696 subjecit,
795 1624 842 1677 ne
865 1625 1019 1697 uuquam
1036 1607 1142 1679 nobis
1161 1610 1275 1684 latere

205 1698 331 1793 posset
344 1703 458 1783 ratio,
484 1700 674 1777 secundum
685 1724 794 1795 quam¹
803 1706 923 1777 divina
940 1701 1111 1798 sapientia
1127 1728 1276 1798 omnem

204 1797 419 1892 scripturam
438 1801 611 1875 divinitus
628 1809 773 1896 datam,
800 1805 861 1899 uel
883 1806 1048 1876 adunam
1066 1826 1179 1898 usque
1193 1809 1283 1882 lite··

156 1890 169 1910 Χ
209 1902 326 1973 roiam
349 1900 491 1997 attigit:
527 1900 777 1996 &propterea
802 1901 948 1976 fortaffe
970 1902 1154 1986 servator,
1180 1910 1271 2002 Iota,

207 1999 348 2091 inquit,
374 2026 495 2087 unum,
521 2005 574 2072 vel
591 2027 670 2078 unex
688 2026 772 2073 unus
789 2013 806 2076 i
824 2004 886 2096 lege
904 2027 970 2073 nen
991 2004 1187 2098 preteribit,
1218 2008 1273 2077 do·

199 2100 507 2191 mcomnrafianri
545 2103 857 2203 Quemadmodum
878 2103 1025 2176 enimin
1047 2103 1169 2178 mundi
1192 2106 1272 2198 opi·
1297 2109 1299 2113 ’
1393 2107 1395 2114 ’

208 2197 296 2273 ficio
319 2220 372 2272 ars
392 2203 512 2274 divina
530 2223 605 2275 non
627 2202 738 2275 solum
760 2206 796 2276 in
821 2204 915 2275 coelo
935 2200 1060 2276 &sole
1078 2203 1111 2275 dr
1130 2203 1214 2277 luna
1234 2203 1272 2279 dt

202 2298 307 2376 astris
331 2315 497 2393 apparet,
524 2325 588 2397 per
612 2302 692 2376 tota
712 2304 774 2376 iila
793 2322 951 2395 corpora
973 2323 1182 2394 permeans3
1209 2303 1270 2380 sed

207 2399 315 2472 etiarn
335 2400 510 2492 interra,
535 2405 571 2476 in
590 2405 735 2476 materia
751 2402 973 2485 viliorehoc
991 2400 1103 2495 ipsum
1122 2402 1267 2499 effecit,
1306 2412 1308 2425 '

204 2514 248 2571 ut
274 2520 392 2590 neque
415 2503 457 2573 ab
488 2500 624 2576 artifice
652 2505 880 2578 minimorum
904 2504 1011 2576 etiam
1037 2505 1270 2578 animalculo-

203 2619 283 2671 rum
301 2620 457 2694 corpora
471 2602 629 2696 negieoia
645 2603 740 2692 fint3
766 2605 882 2676 multo
902 2623 994 2676 vero
1012 2603 1121 2700 magis
1137 2604 1169 2675 δι
1188 2608 1268 2696 quae
1379 2676 1388 2684 ,

201 2699 241 2771 in
261 2698 330 2770 illis
344 2697 461 2772 insunt
478 2704 625 2796 animae,
653 2714 799 2795 quarum
821 2703 962 2798 singuiae
978 2704 1159 2797 peculiare
1180 2702 1268 2795 quid
1360 2714 1364 2723 ⁸

196 2798 241 2870 in
260 2798 294 2870 se
308 2816 543 2893 acceperunt,
571 2803 868 2893 quemadmodum
883 2804 918 2875 in
934 2805 1120 2875 brutorum
1132 2822 1268 2896 genere

205 2898 444 2975 conservandi
464 2899 514 2973 sui
535 2903 736 2975 rationem:
762 2899 821 2975 sed
842 2922 961 2992 neque
980 2913 1085 2973 terrae
1106 2903 1267 2995 germina

205 2999 424 3093 contemsit,
460 3021 540 3075 cum
561 3002 753 3092 unicuique
774 3001 854 3073 insit
878 2997 1016 3073 artificii
1031 2999 1208 3092 quidpiam
1226 3003 1266 3075 in

203 3097 406 3188 radicibus,
432 3099 468 3173 in
488 3100 613 3191 fo'liis,
640 3096 674 3173 δι
698 3103 733 3174 in
750 3102 791 3173 iis
817 3100 877 3191 qui
897 3101 1123 3192 proveniunt
1145 3097 1266 3172 fruiti·

203 3198 297 3289 bus,
325 3198 414 3271 &in
435 3202 643 3291 qualitatum
668 3199 889 3274 differentia:
916 3200 965 3271 ita
983 3218 1054 3270 nos
1078 3195 1265 3275 censemu'o

159 3320 162 3327 ’
204 3297 249 3370 de
258 3300 423 3371 omnibus
438 3321 482 3371 ex
498 3297 616 3374 afflatu
630 3298 734 3375 sandi
744 3300 895 3394 Spiritus
911 3298 1069 3391 seriptis,
1094 3313 1265 3390 tanquam

156 3430 158 3439 >
202 3396 284 3489 illq,
311 3418 387 3487 quae
408 3396 781 3496 sapientiam'humana
798 3398 1015 3492 superiorem
1035 3397 1166 3490 tradit,
1192 3401 1266 3471 ma·

225 3498 521 3591 naorovidentia
542 3508 607 3593 'per
631 3499 769 3573 divinar
794 3501 915 3573 literas
936 3499 1121 3576 hominum
1139 3497 1264 3592 generi
1293 3548 1300 3553 -
1374 3559 1376 3563 .

193 3517 364 3675 faiuta'ria
378 3596 596 3673 documenta
613 3595 820 3691 inseruerit,
843 3597 1053 3693 anagnis,
1079 3609 1121 3668 ut
1141 3598 1192 3668 ita
1211 3594 1266 3670 di·

196 3707 305 3787 ατη,
338 3697 472 3790 literis,
498 3692 617 3791 quoad
638 3708 858 3793 unaquaeque
877 3716 1007 3790 capere
1028 3692 1170 3789 potest,
1198 3716 1279 3769 ve·-

195 3792 300 3891 rugia
315 3791 493 3887 sapientiae
507 3794 726 3890 imprefferit.
775 3780 977 3871 Enimvero
991 3807 1143 3887 oportet
1163 3813 1286 3892 eum,
1364 3851 1370 3861 ,

191 3896 261 3986 qui
280 3896 386 3969 semel
410 3894 607 3989 admiserit,
635 3893 776 3992 opificis
798 3897 921 3971 mundi
943 3895 1005 3968 has
1026 3894 1095 3967 effe
1112 3892 1262 3988 scriptu·

164 4047 166 4051 ⁷
191 4014 279 4083 aar,
307 3996 461 4069 animum
477 4017 622 4090 quoque
639 3997 831 4088 inducere,
858 4008 1089 4088 quacumque
1104 3993 1148 4066 de
1162 4012 1260 4065 cree-

190 4090 304 4190 ,tioue
327 4111 534 4179 occurrunt.
552 4097 856 4273 illirrrfiationam
879 4095 1157 4265 quaerentibus,d
1182 4092 1259 4191 haee
1390 4148 1392 4152 .

239 4208 264 4248 ·'
719 4214 761 4271 2¹
831 4210 833 4223 ·
1084 4213 1132 4267 ea
1153 4211 1220 4266 eun
