3075 4875
318 501 375 550 ,η
457 435 1186 532 montrunrnrsncmos.
1245 398 1284 500 ἶ
1379 532 1381 536 p

297 635 412 702 mmm
432 635 515 690 curn
526 615 596 704 jam
613 631 659 684 ex
679 611 833 702 partein
849 609 1123 684 Commentariis
1139 614 1175 683 in
1190 609 1345 687 Psalmot

296 719 407 794 Rus.
420 712 599 788 &XLVII
621 715 666 783 de
678 711 905 784 ciuitateDei
921 732 988 804 pro
1001 711 1135 782 viribus
1146 710 1346 788 sermonem

294 817 492 892 esurimus.
525 817 726 883 Ilrermrr'mus
741 812 793 881 Iib.
812 833 842 884 ι.
864 811 1013 899 adversus
1029 814 1182 902 Rufinum
1198 819 1249 884 ait
1273 819 1349 883 Ori·

289 941 395 1014 gatiam
407 913 658 1007 otiogesrmum
669 932 805 984 nonum
816 903 997 1004 psalmum,
1011 912 1255 1005 quisctibitur,
1267 918 1348 983 Ora-

292 1023 340 1090 rio
350 1022 394 1086 M
410 1014 452 1109 pfi
464 1015 601 1080 hominis
619 1013 748 1096 Dei&
763 1012 920 1101 reliquos
935 1012 1115 1103 undecim,
1128 1012 1275 1103 quinon
1289 1015 1349 1086 ha-·

290 1120 381 1190 bont
397 1113 539 1187 titulos,
553 1110 740 1208 secundum
754 1112 862 1184 Huilli
879 1114 1060 1204 Judaeorum
1077 1114 1271 1182 Parriarcha
1287 1134 1348 1184 ex·

291 1214 527 1310 posrtionem‚
547 1213 703 1302 ejusdem
720 1211 840 1303 Moysi
857 1209 1013 1304 putasse,
1027 1205 1099 1283 tr'ec
1116 1212 1346 1307 dedignatum

291 1312 559 1388 tileHebraeam
575 1308 781 1403 scripturam
805 1312 1100 1406 interpretantem
1121 1332 1186 1403 per
1212 1312 1347 1409 singula

291 1415 383 1485 loca.
394 1412 476 1500 quid
486 1410 646 1495 Hebraeis
658 1410 823 1485 uideatur
831 1411 993 1485 inserere.
1011 1418 1155 1504 Origenes
1167 1414 1247 1481 hum.
1259 1416 1347 1484 XV.

291 1520 329 1583 r'n
343 1512 454 1607 Jesum
474 1513 589 1596 Nitor,
601 1514 691 1601 suom
709 1513 862 1607 centesimi
870 1513 981 1607 pfirimr'
998 1512 1210 1607 expofitioriem
1223 1536 1348 1581 comme·

290 1626 403 1683 morat.
430 1609 581 1683 Memini
597 1633 667 1703 me,
678 1616 799 1705 inquit,
809 1607 928 1684 similia
939 1610 1060 1684 dixisse
1070 1613 1173 1683 etiam
1185 1613 1277 1700 iniis
1291 1613 1348 1683 lo·

289 1710 355 1801 cis,
367 1711 404 1784 in
419 1711 544 1801 quibus
556 1713 825 1805 exponebamns
840 1711 1051 1783 versrculnm
1065 1710 1198 1803 psalmi,
1217 1714 1253 1783 in
1271 1732 1345 1802 qno

288 1807 458 1902 scriptum
474 1807 540 1883 est:
567 1814 602 1886 in
617 1807 1064 1885 mattrtinisinteriiciebam
1079 1833 1204 1883 omnes
1220 1832 1346 1904 pecca·

288 1922 388 1983 tores
403 1924 520 2003 tetrae,
540 1924 581 1986 ut
597 1910 791 2006 disperdam
809 1912 1015 1984 decivitate
1031 1912 1182 1983 Domini
1197 1932 1345 2004 omnes,

234 2051 240 2056 -
289 2008 349 2102 qui
358 2024 552 2102 operantur
561 2011 794 2106 iniquitatem.
824 2016 969 2108 Denique
982 2016 1142 2083 enarraris
1152 2012 1347 2108 inpsaimum

290 2110 461 2183 CXVIII.
478 2118 731 2205 opertorirorsrr
754 2114 885 2182 homilia
902 2115 1005 2183 XIII.
1032 2119 1068 2181 in
1095 2115 1273 2182 Leviticum
1292 2112 1346 2180 iris

286 2210 411 2282 ostiis:
425 2210 591 2303 Memini,
606 2212 827 2304 dudumnos,
840 2211 1105 2287 'cumcontefimi
1115 2211 1241 2285 decimi
1253 2210 1348 2283 oila-
1367 2234 1369 2238 ’

287 2308 327 2382 vi
341 2306 458 2402 psalmi
475 2332 737 2409 exponeremus
758 2314 1105 2404 illumversculum,
1128 2311 1249 2402 inquo
1267 2312 1347 2383 scri·

160 2459 165 2475 ι
287 2422 390 2504 ptum
407 2409 477 2504 est,
496 2415 624 2483 iuterna
633 2412 759 2507 pedibus
775 2420 850 2488 mais
866 2415 916 2485 lex
928 2432 1003 2500 ruo,
1027 2416 1180 2502 Domina,
1195 2408 1348 2488 &iumen

283 2509 405 2600 [emitis
424 2517 519 2601 meisi
538 2512 776 2589 diversitatem
796 2515 950 2588 lucernae
970 2513 1103 2585 &lucis
1121 2532 1189 2604 pro
1209 2513 1346 2585 viribus

244 2673 247 2680 .
286 2608 483 2689 ostendisse.
513 2613 727 2708 Dicebamns
744 2615 862 2703 enim,
889 2615 986 2704 quod
1006 2615 1186 2686 lucernam
1201 2612 1344 2702 quidem

283 2709 453 2802 pedibus,
472 2712 508 2787 id
520 2713 585 2805 est,
605 2713 833 2787 inferioribus
847 2715 1011 2809 corporis
1028 2715 1186 2806 partibus
1197 2713 1343 2803 deputa·

284 2809 344 2900 tit,
359 2812 477 2885 lumen
487 2813 578 2884 vero
589 2811 717 2886 semitis
728 2814 882 2886 dederitt
897 2835 973 2904 qnae
986 2810 1115 2885 semitae
1124 2813 1161 2884 in
1174 2811 1339 2883 alioloco

283 2906 560 2986 femitaereternae
572 2916 814 2991 nominantur.
842 2914 913 3012 Qui
925 2933 1012 3008 ergo
1023 2911 1214 2985 secundum
1224 2930 1342 3000 quam·

284 3009 364 3086 dam
394 3015 576 3103 mysticam
601 3015 778 3086 rationem
810 3013 998 3087 inferiores
1024 3025 1144 3107 partes
1171 3025 1343 3082 creaturae

193 3197 196 3204 Ι
283 3111 436 3184 mundus
449 3113 511 3185 hic
529 3115 759 3211 intelligitur,
778 3113 1022 3185 ideolucer'na
1039 3110 1213 3206 legionis,
1232 3111 1344 3203 quiin

282 3208 1344 3304 hocmtrndotanquamtotiuscreaturaepartessunt‚accen·

180 3335 190 3365 1
282 3304 317 3383 sa
329 3325 557 3388 memoratur.
584 3313 665 3388 Lux
680 3304 797 3385 autem
811 3327 942 3384 aeterna
957 3314 1025 3383 erit
1035 3311 1103 3382 illis
1118 3309 1262 3402 semitis,
1279 3331 1344 3401 per

284 3428 369 3501 quas
386 3408 421 3481 in
434 3410 558 3486 futuro
573 3410 700 3486 saeculo
710 3413 952 3504 unusquisque
967 3433 1034 3503 pro
1048 3410 1183 3484 meritis
1195 3411 1342 3485 incedit.

176 3556 178 3561 ,
281 3506 351 3582 Sed
365 3508 409 3582 de
421 3509 1128 3607 hisinsuolocosufficienterpronostris
1144 3508 1281 3583 viribus
1295 3513 1343 3584 di-

283 3605 375 3683 &um
389 3603 449 3685 cst.
477 3616 595 3685 Nudus
609 3640 676 3706 ergo
688 3613 855 3684 dubitandi
868 3614 945 3684 locus
961 3613 1019 3708 esi,
1037 3636 1118 3708 qum
1138 3615 1286 3703 Origenes
1298 3627 1346 3678 to-

281 3714 340 3778 mis
349 3710 402 3796 [eu
410 3712 546 3811 prolixis
563 3718 806 3786 Commentariis
827 3713 1010 3802 universum
1024 3713 1345 3804 Psalmorum'corpur

283 3808 465 3905 r'Iuflrorit,
470 3813 642 3908 prasertim
649 3815 679 3906 fi
691 3816 729 3884 od
736 3819 924 3906 Hieronymi
935 3813 1088 3908 epistolam
1101 3820 1156 3897 18.
1167 3812 1249 3879 alios
1259 3832 1343 3897 141.

281 3913 485 3997 adsentiatur,
503 3920 558 3986 uli
569 3919 637 3983 air:
657 3913 786 3986 Beatus
798 3912 1000 4004 Pamphilus
1012 3926 1148 4003 martyr
1162 3910 1344 3987 centesimi

171 4038 173 4043 ,
282 4010 437 4113 vigefimi
454 4012 541 4086 sexti
552 4012 671 4106 psalmi
683 4013 987 4086 Commentarium
1004 4009 1180 4083 confessus
1200 4008 1344 4085 estnon

162 4187 164 4190 ,
273 4128 481 4200 repertum
498 4135 576 4189 non
590 4115 689 4225 quod
703 4114 985 4205 talistantusque
999 4115 1054 4187 vir
1066 4109 1087 4208 ζ
1089 4111 1342 4281 Alamprrtium

1231 4231 1293 4280 rcr-
