<?xml version="1.0" encoding="UTF-8"?>
<!DOCTYPE html PUBLIC "-//W3C//DTD XHTML 1.0 Transitional//EN"
    "http://www.w3.org/TR/xhtml1/DTD/xhtml1-transitional.dtd">
<html xmlns="http://www.w3.org/1999/xhtml" xml:lang="en" lang="en">
 <head>
  <title>
</title>
<meta http-equiv="Content-Type" content="text/html;charset=utf-8" />
  <meta name='ocr-system' content='tesseract 3.04.00' />
  <meta name='ocr-capabilities' content='ocr_page ocr_carea ocr_par ocr_line ocrx_word'/>
</head>
<body>
  <div class='ocr_page' id='page_1' title='image "./operaomniasanct09unkngoog_0461.png"; bbox 0 0 3075 4875; ppageno 0'>
   <div class='ocr_carea' id='block_1_1' title="bbox 361 359 1376 546">
    <p class='ocr_par' dir='ltr' id='par_1_1' title="bbox 361 359 1376 546">
     <span class='ocr_line' id='line_1_1' title="bbox 361 359 1376 546; baseline 0.004 -38"><span class='ocrx_word' id='word_1_1' title='bbox 361 359 1065 510; x_wconf 77' lang='lat' dir='ltr'><strong>staacratnrsatmos.</strong></span> <span class='ocrx_word' id='word_1_2' title='bbox 1168 437 1236 528; x_wconf 75' lang='lat'><strong>361</strong></span> <span class='ocrx_word' id='word_1_3' title='bbox 1299 383 1376 546; x_wconf 74' lang='lat' dir='ltr'><strong> </strong></span> 
     </span>
    </p>
   </div>
   <div class='ocr_carea' id='block_1_2' title="bbox 205 591 1311 1865">
    <p class='ocr_par' dir='ltr' id='par_1_2' title="bbox 205 591 1311 1865">
     <span class='ocr_line' id='line_1_2' title="bbox 205 591 1238 688; baseline 0.002 -19"><span class='ocrx_word' id='word_1_4' title='bbox 205 593 382 669; x_wconf 86' lang='lat' dir='ltr'><strong>eceatoris</strong></span> <span class='ocrx_word' id='word_1_5' title='bbox 392 591 657 688; x_wconf 59' lang='lat' dir='ltr'><strong>contemtum&amp;</strong></span> <span class='ocrx_word' id='word_1_6' title='bbox 673 596 717 666; x_wconf 93' lang='lat' dir='ltr'><strong>ab</strong></span> <span class='ocrx_word' id='word_1_7' title='bbox 730 593 807 683; x_wconf 79' lang='lat' dir='ltr'><strong>ejus</strong></span> <span class='ocrx_word' id='word_1_8' title='bbox 822 593 1014 686; x_wconf 81' lang='lat' dir='ltr'>tyrannide</span> <span class='ocrx_word' id='word_1_9' title='bbox 1030 593 1238 673; x_wconf 82' lang='lat' dir='ltr'>liberentur.</span> 
     </span>
     <span class='ocr_line' id='line_1_3' title="bbox 205 692 1240 791; baseline 0.003 -24"><span class='ocrx_word' id='word_1_10' title='bbox 205 696 295 791; x_wconf 61' lang='lat' dir='ltr'><strong>&gt;uod</strong></span> <span class='ocrx_word' id='word_1_11' title='bbox 315 694 348 766; x_wconf 71' lang='grc' dir='ltr'><strong>ἃ</strong></span> <span class='ocrx_word' id='word_1_12' title='bbox 366 692 494 768; x_wconf 79' lang='lat' dir='ltr'><strong>factum</strong></span> <span class='ocrx_word' id='word_1_13' title='bbox 511 693 571 768; x_wconf 88' lang='lat' dir='ltr'><strong>est.</strong></span> <span class='ocrx_word' id='word_1_14' title='bbox 624 692 843 767; x_wconf 85' lang='lat' dir='ltr'><strong>Desiderium</strong></span> <span class='ocrx_word' id='word_1_15' title='bbox 868 694 961 767; x_wconf 91' lang='lat' dir='ltr'><strong>enim</strong></span> <span class='ocrx_word' id='word_1_16' title='bbox 982 696 1088 768; x_wconf 84' lang='lat' dir='ltr'><strong>bonae</strong></span> <span class='ocrx_word' id='word_1_17' title='bbox 1108 700 1240 771; x_wconf 85' lang='lat' dir='ltr'><strong>mentis</strong></span> 
     </span>
     <span class='ocr_line' id='line_1_4' title="bbox 205 791 1238 884; baseline 0.002 -16"><span class='ocrx_word' id='word_1_18' title='bbox 205 794 233 868; x_wconf 87' lang='lat' dir='ltr'>st</span> <span class='ocrx_word' id='word_1_19' title='bbox 252 791 375 867; x_wconf 85' lang='lat' dir='ltr'><strong>efficax</strong></span> <span class='ocrx_word' id='word_1_20' title='bbox 394 794 534 883; x_wconf 87' lang='lat' dir='ltr'><strong>oratio,</strong></span> <span class='ocrx_word' id='word_1_21' title='bbox 559 812 662 883; x_wconf 87' lang='lat' dir='ltr'><strong>quam</strong></span> <span class='ocrx_word' id='word_1_22' title='bbox 684 792 811 882; x_wconf 89' lang='lat' dir='ltr'><strong>videns</strong></span> <span class='ocrx_word' id='word_1_23' title='bbox 831 794 884 882; x_wconf 88' lang='lat' dir='ltr'><strong>is,</strong></span> <span class='ocrx_word' id='word_1_24' title='bbox 901 796 971 884; x_wconf 59' lang='lat' dir='ltr'><strong>&#39;qui</strong></span> <span class='ocrx_word' id='word_1_25' title='bbox 989 796 1101 868; x_wconf 89' lang='lat' dir='ltr'><strong>corda</strong></span> <span class='ocrx_word' id='word_1_26' title='bbox 1114 799 1238 879; x_wconf 85' lang='lat' dir='ltr'><strong>novit,</strong></span> 
     </span>
     <span class='ocr_line' id='line_1_5' title="bbox 205 892 1240 984; baseline 0.003 -17"><span class='ocrx_word' id='word_1_27' title='bbox 205 895 365 984; x_wconf 85' lang='lat' dir='ltr'><strong>dimpiet.</strong></span> <span class='ocrx_word' id='word_1_28' title='bbox 413 893 502 966; x_wconf 91' lang='lat' dir='ltr'><strong>Non</strong></span> <span class='ocrx_word' id='word_1_29' title='bbox 535 906 653 965; x_wconf 91' lang='lat' dir='ltr'><strong>autem</strong></span> <span class='ocrx_word' id='word_1_30' title='bbox 682 893 803 966; x_wconf 91' lang='lat' dir='ltr'><strong>omnia</strong></span> <span class='ocrx_word' id='word_1_31' title='bbox 828 892 996 966; x_wconf 85' lang='lat' dir='ltr'><strong>desideria</strong></span> <span class='ocrx_word' id='word_1_32' title='bbox 1016 896 1127 968; x_wconf 89' lang='lat' dir='ltr'><strong>audiri</strong></span> <span class='ocrx_word' id='word_1_33' title='bbox 1149 898 1240 970; x_wconf 90' lang='lat' dir='ltr'><strong>arbi·</strong></span> 
     </span>
     <span class='ocr_line' id='line_1_6' title="bbox 205 990 1241 1089; baseline 0.006 -26"><span class='ocrx_word' id='word_1_34' title='bbox 205 993 346 1066; x_wconf 85' lang='lat' dir='ltr'><strong>randum</strong></span> <span class='ocrx_word' id='word_1_35' title='bbox 365 992 435 1082; x_wconf 90' lang='lat' dir='ltr'><strong>est,</strong></span> <span class='ocrx_word' id='word_1_36' title='bbox 460 991 519 1064; x_wconf 91' lang='lat' dir='ltr'><strong>sed</strong></span> <span class='ocrx_word' id='word_1_37' title='bbox 533 1011 610 1084; x_wconf 86' lang='lat' dir='ltr'><strong>quae</strong></span> <span class='ocrx_word' id='word_1_38' title='bbox 624 991 770 1066; x_wconf 89' lang='lat' dir='ltr'><strong>honesta</strong></span> <span class='ocrx_word' id='word_1_39' title='bbox 786 990 875 1065; x_wconf 91' lang='lat' dir='ltr'><strong>sunt.</strong></span> <span class='ocrx_word' id='word_1_40' title='bbox 905 995 1167 1089; x_wconf 70' lang='lat' dir='ltr'><strong>superationem</strong></span> <span class='ocrx_word' id='word_1_41' title='bbox 1178 991 1241 1069; x_wconf 78' lang='lat' dir='ltr'><strong>mr·</strong></span> 
     </span>
     <span class='ocr_line' id='line_1_7' title="bbox 205 1090 1243 1184; baseline 0.007 -22"><span class='ocrx_word' id='word_1_42' title='bbox 205 1098 231 1162; x_wconf 78' lang='lat' dir='ltr'><strong>is</strong></span> <span class='ocrx_word' id='word_1_43' title='bbox 246 1116 348 1163; x_wconf 80' lang='lat' dir='ltr'><strong>eorum</strong></span> <span class='ocrx_word' id='word_1_44' title='bbox 361 1097 490 1163; x_wconf 79' lang='lat' dir='ltr'><strong>audivit</strong></span> <span class='ocrx_word' id='word_1_45' title='bbox 503 1097 590 1162; x_wconf 75' lang='lat' dir='ltr'><strong>auris</strong></span> <span class='ocrx_word' id='word_1_46' title='bbox 606 1108 670 1162; x_wconf 86' lang='lat' dir='ltr'><strong>rua</strong></span> <span class='ocrx_word' id='word_1_47' title='bbox 696 1090 996 1184; x_wconf 86' lang='lat' dir='ltr'><strong>Praeparationem</strong></span> <span class='ocrx_word' id='word_1_48' title='bbox 1005 1095 1124 1170; x_wconf 86' lang='lat' dir='ltr'><strong>cordis</strong></span> <span class='ocrx_word' id='word_1_49' title='bbox 1134 1100 1243 1169; x_wconf 90' lang='lat' dir='ltr'><strong>bean·</strong></span> 
     </span>
     <span class='ocr_line' id='line_1_8' title="bbox 205 1190 1241 1305; baseline 0.006 -42.023"><span class='ocrx_word' id='word_1_50' title='bbox 205 1213 312 1266; x_wconf 86' lang='lat' dir='ltr'><strong>orum</strong></span> <span class='ocrx_word' id='word_1_51' title='bbox 335 1211 528 1305; x_wconf 77' lang='lat' dir='ltr'><strong>pauperum</strong></span> <span class='ocrx_word' id='word_1_52' title='bbox 549 1190 647 1263; x_wconf 92' lang='lat' dir='ltr'><strong>audit</strong></span> <span class='ocrx_word' id='word_1_53' title='bbox 671 1193 763 1264; x_wconf 85' lang='lat' dir='ltr'><strong>auris</strong></span> <span class='ocrx_word' id='word_1_54' title='bbox 784 1192 956 1283; x_wconf 84' lang='lat' dir='ltr'><strong>Domini,</strong></span> <span class='ocrx_word' id='word_1_55' title='bbox 989 1213 1066 1266; x_wconf 93' lang='lat' dir='ltr'><strong>non</strong></span> <span class='ocrx_word' id='word_1_56' title='bbox 1086 1196 1241 1270; x_wconf 90' lang='lat' dir='ltr'><strong>attendit</strong></span> 
     </span>
     <span class='ocr_line' id='line_1_9' title="bbox 205 1288 1284 1388; baseline 0.002 -24"><span class='ocrx_word' id='word_1_57' title='bbox 205 1309 304 1366; x_wconf 91' lang='lat' dir='ltr'><strong>utem</strong></span> <span class='ocrx_word' id='word_1_58' title='bbox 327 1292 402 1382; x_wconf 90' lang='lat' dir='ltr'><strong>his,</strong></span> <span class='ocrx_word' id='word_1_59' title='bbox 429 1292 485 1383; x_wconf 88' lang='lat' dir='ltr'><strong>qui</strong></span> <span class='ocrx_word' id='word_1_60' title='bbox 511 1290 697 1385; x_wconf 87' lang='lat' dir='ltr'><strong>praeparati</strong></span> <span class='ocrx_word' id='word_1_61' title='bbox 718 1311 795 1363; x_wconf 92' lang='lat' dir='ltr'><strong>non</strong></span> <span class='ocrx_word' id='word_1_62' title='bbox 822 1288 913 1366; x_wconf 84' lang='lat' dir='ltr'><strong>sant.</strong></span> <span class='ocrx_word' id='word_1_63' title='bbox 965 1291 1071 1386; x_wconf 90' lang='lat' dir='ltr'><strong>Hoc,</strong></span> <span class='ocrx_word' id='word_1_64' title='bbox 1104 1296 1239 1388; x_wconf 85' lang='lat' dir='ltr'><strong>inquit,</strong></span> <span class='ocrx_word' id='word_1_65' title='bbox 1282 1301 1284 1306; x_wconf 84' lang='lat'>&#39;</span> 
     </span>
     <span class='ocr_line' id='line_1_10' title="bbox 206 1387 1241 1484; baseline 0.008 -22"><span class='ocrx_word' id='word_1_66' title='bbox 206 1394 322 1484; x_wconf 89' lang='lat' dir='ltr'><strong>ppetit</strong></span> <span class='ocrx_word' id='word_1_67' title='bbox 339 1394 488 1484; x_wconf 80' lang='lat' dir='ltr'>quilibet</span> <span class='ocrx_word' id='word_1_68' title='bbox 505 1411 654 1481; x_wconf 92' lang='lat' dir='ltr'><strong>eorum,</strong></span> <span class='ocrx_word' id='word_1_69' title='bbox 682 1390 742 1481; x_wconf 89' lang='lat' dir='ltr'><strong>qui</strong></span> <span class='ocrx_word' id='word_1_70' title='bbox 756 1391 904 1481; x_wconf 87' lang='lat' dir='ltr'><strong>injuriiis</strong></span> <span class='ocrx_word' id='word_1_71' title='bbox 921 1387 1132 1467; x_wconf 84' lang='lat' dir='ltr'><strong>afficiuntur.</strong></span> <span class='ocrx_word' id='word_1_72' title='bbox 1144 1393 1241 1476; x_wconf 86' lang='lat' dir='ltr'><strong>Nam</strong></span> 
     </span>
     <span class='ocr_line' id='line_1_11' title="bbox 205 1487 1241 1582; baseline 0.002 -18.033"><span class='ocrx_word' id='word_1_73' title='bbox 205 1490 334 1564; x_wconf 91' lang='lat' dir='ltr'><strong>modo</strong></span> <span class='ocrx_word' id='word_1_74' title='bbox 351 1491 450 1563; x_wconf 86' lang='lat' dir='ltr'><strong>Deus</strong></span> <span class='ocrx_word' id='word_1_75' title='bbox 464 1509 638 1581; x_wconf 85' lang='lat' dir='ltr'>pauperes</span> <span class='ocrx_word' id='word_1_76' title='bbox 656 1489 690 1566; x_wconf 77' lang='lat' dir='ltr'><strong>bt</strong></span> <span class='ocrx_word' id='word_1_77' title='bbox 706 1487 896 1564; x_wconf 90' lang='lat' dir='ltr'><strong>destitutos</strong></span> <span class='ocrx_word' id='word_1_78' title='bbox 915 1489 1241 1582; x_wconf 61' lang='lat' dir='ltr'><strong>vindicareanemo</strong></span> 
     </span>
     <span class='ocr_line' id='line_1_12' title="bbox 207 1587 1243 1685; baseline 0.004 -23"><span class='ocrx_word' id='word_1_79' title='bbox 207 1592 333 1682; x_wconf 85' lang='lat' dir='ltr'><strong>mplius</strong></span> <span class='ocrx_word' id='word_1_80' title='bbox 348 1593 585 1685; x_wconf 85' lang='lat' dir='ltr'><strong>gloriaretur,</strong></span> <span class='ocrx_word' id='word_1_81' title='bbox 612 1587 671 1661; x_wconf 88' lang='lat' dir='ltr'><strong>sed</strong></span> <span class='ocrx_word' id='word_1_82' title='bbox 693 1588 726 1660; x_wconf 72' lang='grc' dir='ltr'><strong>ἃ</strong></span> <span class='ocrx_word' id='word_1_83' title='bbox 744 1590 804 1680; x_wconf 89' lang='lat' dir='ltr'><strong>qui</strong></span> <span class='ocrx_word' id='word_1_84' title='bbox 822 1587 966 1681; x_wconf 79' lang='lat' dir='ltr'><strong>injuriae</strong></span> <span class='ocrx_word' id='word_1_85' title='bbox 983 1590 1157 1685; x_wconf 74' lang='lat' dir='ltr'><strong>inferunt,</strong></span> <span class='ocrx_word' id='word_1_86' title='bbox 1170 1615 1243 1668; x_wconf 90' lang='lat' dir='ltr'><strong>ma·</strong></span> 
     </span>
     <span class='ocr_line' id='line_1_13' title="bbox 205 1687 1311 1862; baseline 0.006 -101.162"><span class='ocrx_word' id='word_1_87' title='bbox 205 1710 360 1862; x_wconf 51' lang='lat' dir='ltr'><strong>aggere,</strong></span> <span class='ocrx_word' id='word_1_88' title='bbox 388 1689 487 1786; x_wconf 71' lang='lat' dir='ltr'><strong>bii,</strong></span> <span class='ocrx_word' id='word_1_89' title='bbox 512 1690 665 1782; x_wconf 90' lang='lat' dir='ltr'><strong>quibus</strong></span> <span class='ocrx_word' id='word_1_90' title='bbox 655 1689 791 1783; x_wconf 80' lang='lat' dir='ltr'><strong>injuria</strong></span> <span class='ocrx_word' id='word_1_91' title='bbox 805 1687 1031 1784; x_wconf 65' lang='lat' dir='ltr'><strong>inseruntur,</strong></span> <span class='ocrx_word' id='word_1_92' title='bbox 1056 1692 1148 1766; x_wconf 87' lang='lat' dir='ltr'><strong>maie</strong></span> <span class='ocrx_word' id='word_1_93' title='bbox 1163 1695 1241 1788; x_wconf 83' lang='lat' dir='ltr'><strong>pati</strong></span> <span class='ocrx_word' id='word_1_94' title='bbox 1283 1723 1311 1786; x_wconf 69' lang='lat' dir='ltr'><strong>g</strong></span> 
     </span>
     <span class='ocr_line' id='line_1_14' title="bbox 205 1803 399 1865; baseline 0.016 -4"><span class='ocrx_word' id='word_1_95' title='bbox 205 1809 230 1862; x_wconf 80' lang='lat' dir='ltr'><strong>te</strong></span> <span class='ocrx_word' id='word_1_96' title='bbox 288 1803 399 1865; x_wconf 86' lang='lat' dir='ltr'><strong>erent.</strong></span> 
     </span>
    </p>
   </div>
   <div class='ocr_carea' id='block_1_3' title="bbox 476 2125 944 2207">
    <p class='ocr_par' dir='ltr' id='par_1_3' title="bbox 476 2125 944 2207">
     <span class='ocr_line' id='line_1_15' title="bbox 476 2125 944 2207; baseline -0.004 -2"><span class='ocrx_word' id='word_1_97' title='bbox 476 2125 944 2207; x_wconf 82' lang='lat' dir='ltr'><strong>PSALMUSX.</strong></span> 
     </span>
    </p>
   </div>
   <div class='ocr_carea' id='block_1_4' title="bbox 205 2255 1244 2466">
    <p class='ocr_par' dir='ltr' id='par_1_4' title="bbox 205 2255 1244 2466">
     <span class='ocr_line' id='line_1_16' title="bbox 205 2255 1244 2466; baseline 0.002 -104"><span class='ocrx_word' id='word_1_98' title='bbox 205 2255 409 2466; x_wconf 50' lang='lat' dir='ltr'><strong>&amp;ueniere</strong></span> <span class='ocrx_word' id='word_1_99' title='bbox 423 2315 485 2365; x_wconf 82' lang='lat' dir='ltr'><strong>eree</strong></span> <span class='ocrx_word' id='word_1_100' title='bbox 493 2307 667 2389; x_wconf 80' lang='lat' dir='ltr'><strong>peccatores</strong></span> <span class='ocrx_word' id='word_1_101' title='bbox 678 2292 1024 2378; x_wconf 65' lang='lat' dir='ltr'><strong>intentantem,</strong></span> <span class='ocrx_word' id='word_1_102' title='bbox 1038 2305 1244 2389; x_wconf 71' lang='lat' dir='ltr'><strong>perennent</strong></span> 
     </span>
    </p>
   </div>
   <div class='ocr_carea' id='block_1_5' title="bbox 303 2388 1246 2491">
    <p class='ocr_par' dir='ltr' id='par_1_5' title="bbox 303 2388 1246 2491">
     <span class='ocr_line' id='line_1_17' title="bbox 303 2388 1246 2491; baseline 0.001 -29"><span class='ocrx_word' id='word_1_103' title='bbox 303 2393 434 2485; x_wconf 77' lang='lat' dir='ltr'><strong>sagittas</strong></span> <span class='ocrx_word' id='word_1_104' title='bbox 445 2388 641 2491; x_wconf 72' lang='lat' dir='ltr'><strong>firaspba</strong></span> <span class='ocrx_word' id='word_1_105' title='bbox 533 2417 577 2465; x_wconf 87' lang='lat' dir='ltr'><strong>m</strong></span> <span class='ocrx_word' id='word_1_106' title='bbox 642 2407 741 2479; x_wconf 81' lang='lat' dir='ltr'><strong>retra,</strong></span> <span class='ocrx_word' id='word_1_107' title='bbox 754 2409 793 2465; x_wconf 84' lang='lat' dir='ltr'><strong>att</strong></span> <span class='ocrx_word' id='word_1_108' title='bbox 802 2392 1134 2485; x_wconf 76' lang='lat' dir='ltr'><strong>sagittenrinabscm</strong></span> <span class='ocrx_word' id='word_1_109' title='bbox 1146 2390 1246 2465; x_wconf 68' lang='lat' dir='ltr'><strong>retias</strong></span> 
     </span>
    </p>
   </div>
   <div class='ocr_carea' id='block_1_6' title="bbox 205 2491 1374 2591">
    <p class='ocr_par' dir='ltr' id='par_1_6' title="bbox 205 2491 1374 2591">
     <span class='ocr_line' id='line_1_18' title="bbox 205 2491 1374 2591; baseline 0.007 -31"><span class='ocrx_word' id='word_1_110' title='bbox 205 2494 291 2575; x_wconf 80' lang='lat' dir='ltr'><strong>arie,</strong></span> <span class='ocrx_word' id='word_1_111' title='bbox 316 2493 404 2590; x_wconf 72' lang='grc' dir='ltr'><strong>σε]</strong></span> <span class='ocrx_word' id='word_1_112' title='bbox 445 2492 536 2568; x_wconf 90' lang='lat' dir='ltr'><strong>Non</strong></span> <span class='ocrx_word' id='word_1_113' title='bbox 555 2495 746 2588; x_wconf 87' lang='lat' dir='ltr'><strong>contenti,</strong></span> <span class='ocrx_word' id='word_1_114' title='bbox 770 2493 907 2586; x_wconf 89' lang='lat' dir='ltr'><strong>inquit,</strong></span> <span class='ocrx_word' id='word_1_115' title='bbox 934 2491 1247 2591; x_wconf 87' lang='lat' dir='ltr'><strong>peccatoresseip·</strong></span> <span class='ocrx_word' id='word_1_116' title='bbox 1372 2492 1374 2497; x_wconf 79' lang='grc'><strong>’</strong></span> 
     </span>
    </p>
   </div>
   <div class='ocr_carea' id='block_1_7' title="bbox 205 2590 1251 3884">
    <p class='ocr_par' dir='ltr' id='par_1_7' title="bbox 205 2590 1249 3282">
     <span class='ocr_line' id='line_1_19' title="bbox 205 2590 1244 2689; baseline 0.001 -26"><span class='ocrx_word' id='word_1_117' title='bbox 205 2590 322 2667; x_wconf 75' lang='lat' dir='ltr'><strong>&#39;oseise</strong></span> <span class='ocrx_word' id='word_1_118' title='bbox 335 2593 520 2686; x_wconf 87' lang='lat' dir='ltr'><strong>perditos,</strong></span> <span class='ocrx_word' id='word_1_119' title='bbox 546 2591 605 2667; x_wconf 88' lang='lat' dir='ltr'><strong>sed</strong></span> <span class='ocrx_word' id='word_1_120' title='bbox 620 2609 770 2689; x_wconf 87' lang='lat' dir='ltr'><strong>peccata</strong></span> <span class='ocrx_word' id='word_1_121' title='bbox 790 2592 882 2686; x_wconf 78' lang='lat' dir='ltr'><strong>quas</strong></span> <span class='ocrx_word' id='word_1_122' title='bbox 902 2592 989 2667; x_wconf 88' lang='lat' dir='ltr'><strong>sune</strong></span> <span class='ocrx_word' id='word_1_123' title='bbox 1007 2595 1119 2688; x_wconf 91' lang='lat' dir='ltr'><strong>longo</strong></span> <span class='ocrx_word' id='word_1_124' title='bbox 1138 2607 1244 2666; x_wconf 87' lang='lat' dir='ltr'><strong>attra-</strong></span> 
     </span>
     <span class='ocr_line' id='line_1_20' title="bbox 205 2691 1248 2786; baseline 0 -23"><span class='ocrx_word' id='word_1_125' title='bbox 205 2705 329 2786; x_wconf 71' lang='lat' dir='ltr'><strong>rentes,</strong></span> <span class='ocrx_word' id='word_1_126' title='bbox 348 2693 418 2767; x_wconf 88' lang='lat' dir='ltr'><strong>Dei</strong></span> <span class='ocrx_word' id='word_1_127' title='bbox 431 2692 598 2767; x_wconf 89' lang='lat' dir='ltr'><strong>homines</strong></span> <span class='ocrx_word' id='word_1_128' title='bbox 614 2691 801 2783; x_wconf 89' lang='lat' dir='ltr'><strong>infestant,</strong></span> <span class='ocrx_word' id='word_1_129' title='bbox 828 2713 965 2783; x_wconf 89' lang='lat' dir='ltr'><strong>eosque</strong></span> <span class='ocrx_word' id='word_1_130' title='bbox 975 2708 1164 2765; x_wconf 86' lang='lat' dir='ltr'><strong>venenans</strong></span> <span class='ocrx_word' id='word_1_131' title='bbox 1175 2713 1248 2763; x_wconf 90' lang='lat' dir='ltr'><strong>ma</strong></span> 
     </span>
     <span class='ocr_line' id='line_1_21' title="bbox 205 2790 1246 2884; baseline -0.001 -23"><span class='ocrx_word' id='word_1_132' title='bbox 205 2791 270 2864; x_wconf 81' lang='lat' dir='ltr'><strong>ttiae</strong></span> <span class='ocrx_word' id='word_1_133' title='bbox 284 2790 352 2864; x_wconf 85' lang='lat' dir='ltr'><strong>suae</strong></span> <span class='ocrx_word' id='word_1_134' title='bbox 366 2793 492 2884; x_wconf 83' lang='lat' dir='ltr'><strong>jaculis</strong></span> <span class='ocrx_word' id='word_1_135' title='bbox 505 2790 700 2883; x_wconf 81' lang='lat' dir='ltr'>perfodere</span> <span class='ocrx_word' id='word_1_136' title='bbox 715 2793 901 2880; x_wconf 85' lang='lat' dir='ltr'><strong>nituntur,</strong></span> <span class='ocrx_word' id='word_1_137' title='bbox 920 2792 1093 2865; x_wconf 85' lang='lat' dir='ltr'><strong>&amp;eorum</strong></span> <span class='ocrx_word' id='word_1_138' title='bbox 1108 2790 1246 2863; x_wconf 78' lang='lat' dir='ltr'><strong>eximie</strong></span> 
     </span>
     <span class='ocr_line' id='line_1_22' title="bbox 205 2886 1248 2983; baseline 0.005 -27"><span class='ocrx_word' id='word_1_139' title='bbox 205 2891 336 2962; x_wconf 66' lang='lat' dir='ltr'><strong>territari</strong></span> <span class='ocrx_word' id='word_1_140' title='bbox 349 2888 576 2983; x_wconf 83' lang='lat' dir='ltr'><strong>invidentes,</strong></span> <span class='ocrx_word' id='word_1_141' title='bbox 600 2890 768 2963; x_wconf 90' lang='lat' dir='ltr'><strong>tenebras</strong></span> <span class='ocrx_word' id='word_1_142' title='bbox 785 2888 865 2981; x_wconf 83' lang='lat' dir='ltr'><strong>ipsis</strong></span> <span class='ocrx_word' id='word_1_143' title='bbox 883 2886 1092 2980; x_wconf 86' lang='lat' dir='ltr'><strong>offundunt,</strong></span> <span class='ocrx_word' id='word_1_144' title='bbox 1104 2908 1180 2962; x_wconf 90' lang='lat' dir='ltr'><strong>non</strong></span> <span class='ocrx_word' id='word_1_145' title='bbox 1196 2887 1248 2961; x_wconf 89' lang='lat' dir='ltr'><strong>se·</strong></span> 
     </span>
     <span class='ocr_line' id='line_1_23' title="bbox 205 2985 1249 3079; baseline 0.003 -22"><span class='ocrx_word' id='word_1_146' title='bbox 205 2999 251 3061; x_wconf 82' lang='lat' dir='ltr'><strong>:us</strong></span> <span class='ocrx_word' id='word_1_147' title='bbox 273 3009 314 3059; x_wconf 91' lang='lat' dir='ltr'><strong>ac</strong></span> <span class='ocrx_word' id='word_1_148' title='bbox 330 2985 430 3079; x_wconf 84' lang='lat' dir='ltr'><strong>sepiae</strong></span> <span class='ocrx_word' id='word_1_149' title='bbox 449 3000 695 3063; x_wconf 80' lang='lat' dir='ltr'><strong>atramentum.</strong></span> <span class='ocrx_word' id='word_1_150' title='bbox 727 2987 851 3079; x_wconf 86' lang='lat' dir='ltr'><strong>Atque</strong></span> <span class='ocrx_word' id='word_1_151' title='bbox 870 2988 943 3061; x_wconf 92' lang='lat' dir='ltr'><strong>hoc</strong></span> <span class='ocrx_word' id='word_1_152' title='bbox 963 2988 1122 3076; x_wconf 87' lang='lat' dir='ltr'><strong>faciunt,</strong></span> <span class='ocrx_word' id='word_1_153' title='bbox 1146 3004 1249 3061; x_wconf 89' lang='lat' dir='ltr'><strong>natu-</strong></span> 
     </span>
     <span class='ocr_line' id='line_1_24' title="bbox 207 3084 1246 3179; baseline 0.004 -21"><span class='ocrx_word' id='word_1_154' title='bbox 207 3089 279 3160; x_wconf 89' lang='lat' dir='ltr'><strong>ales</strong></span> <span class='ocrx_word' id='word_1_155' title='bbox 298 3086 331 3160; x_wconf 76' lang='lat' dir='ltr'><strong>ta</strong></span> <span class='ocrx_word' id='word_1_156' title='bbox 351 3084 542 3162; x_wconf 90' lang='lat' dir='ltr'><strong>secundum</strong></span> <span class='ocrx_word' id='word_1_157' title='bbox 558 3103 720 3171; x_wconf 87' lang='lat' dir='ltr'><strong>naturam</strong></span> <span class='ocrx_word' id='word_1_158' title='bbox 736 3086 863 3175; x_wconf 75' lang='lat' dir='ltr'><strong>restas,</strong></span> <span class='ocrx_word' id='word_1_159' title='bbox 878 3108 963 3179; x_wconf 88' lang='lat' dir='ltr'><strong>quas</strong></span> <span class='ocrx_word' id='word_1_160' title='bbox 976 3088 1077 3163; x_wconf 87' lang='lat' dir='ltr'><strong>Deua</strong></span> <span class='ocrx_word' id='word_1_161' title='bbox 1092 3085 1246 3164; x_wconf 87' lang='lat' dir='ltr'><strong>inserue-</strong></span> 
     </span>
     <span class='ocr_line' id='line_1_25' title="bbox 207 3186 951 3282; baseline 0.003 -22"><span class='ocrx_word' id='word_1_162' title='bbox 207 3200 261 3281; x_wconf 88' lang='lat' dir='ltr'><strong>at,</strong></span> <span class='ocrx_word' id='word_1_163' title='bbox 291 3186 531 3282; x_wconf 89' lang='lat' dir='ltr'><strong>cogitationes</strong></span> <span class='ocrx_word' id='word_1_164' title='bbox 554 3209 599 3261; x_wconf 87' lang='lat' dir='ltr'><strong>ex</strong></span> <span class='ocrx_word' id='word_1_165' title='bbox 619 3186 733 3281; x_wconf 81' lang='lat' dir='ltr'><strong>seipsis</strong></span> <span class='ocrx_word' id='word_1_166' title='bbox 756 3187 951 3263; x_wconf 86' lang='lat' dir='ltr'><strong>abolendo.</strong></span> 
     </span>
    </p>

    <p class='ocr_par' dir='ltr' id='par_1_8' title="bbox 205 3284 1249 3884">
     <span class='ocr_line' id='line_1_26' title="bbox 265 3284 1245 3382; baseline 0.004 -23"><span class='ocrx_word' id='word_1_167' title='bbox 265 3287 448 3382; x_wconf 77' lang='lat' dir='ltr'><strong>Ejusdem]</strong></span> <span class='ocrx_word' id='word_1_168' title='bbox 498 3286 615 3361; x_wconf 85' lang='lat' dir='ltr'><strong>Arcus</strong></span> <span class='ocrx_word' id='word_1_169' title='bbox 641 3301 876 3381; x_wconf 87' lang='lat' dir='ltr'><strong>peecatorum</strong></span> <span class='ocrx_word' id='word_1_170' title='bbox 901 3284 952 3360; x_wconf 89' lang='lat' dir='ltr'><strong>est</strong></span> <span class='ocrx_word' id='word_1_171' title='bbox 974 3287 1111 3379; x_wconf 83' lang='lat' dir='ltr'><strong>impura</strong></span> <span class='ocrx_word' id='word_1_172' title='bbox 1132 3307 1245 3364; x_wconf 88' lang='lat' dir='ltr'><strong>mens.</strong></span> 
     </span>
     <span class='ocr_line' id='line_1_27' title="bbox 205 3382 1248 3487; baseline 0.003 -29"><span class='ocrx_word' id='word_1_173' title='bbox 205 3382 291 3482; x_wconf 72' lang='lat' dir='ltr'><strong>Ege,</strong></span> <span class='ocrx_word' id='word_1_174' title='bbox 307 3388 445 3479; x_wconf 87' lang='lat' dir='ltr'><strong>inquit,</strong></span> <span class='ocrx_word' id='word_1_175' title='bbox 461 3385 498 3460; x_wconf 91' lang='lat' dir='ltr'><strong>in</strong></span> <span class='ocrx_word' id='word_1_176' title='bbox 514 3385 677 3462; x_wconf 90' lang='lat' dir='ltr'><strong>Domino</strong></span> <span class='ocrx_word' id='word_1_177' title='bbox 692 3385 852 3464; x_wconf 86' lang='lat' dir='ltr'><strong>confido.</strong></span> <span class='ocrx_word' id='word_1_178' title='bbox 903 3389 975 3487; x_wconf 87' lang='lat' dir='ltr'><strong>Qui</strong></span> <span class='ocrx_word' id='word_1_179' title='bbox 983 3400 1157 3484; x_wconf 90' lang='lat' dir='ltr'><strong>pugnant,</strong></span> <span class='ocrx_word' id='word_1_180' title='bbox 1165 3409 1248 3480; x_wconf 91' lang='lat' dir='ltr'><strong>pec</strong></span> 
     </span>
     <span class='ocr_line' id='line_1_28' title="bbox 205 3484 1248 3585; baseline -0.002 -25.984"><span class='ocrx_word' id='word_1_181' title='bbox 205 3501 333 3560; x_wconf 84' lang='lat' dir='ltr'><strong>:atores</strong></span> <span class='ocrx_word' id='word_1_182' title='bbox 352 3484 442 3559; x_wconf 90' lang='lat' dir='ltr'><strong>sunt.</strong></span> <span class='ocrx_word' id='word_1_183' title='bbox 483 3487 573 3585; x_wconf 89' lang='lat' dir='ltr'><strong>Quis</strong></span> <span class='ocrx_word' id='word_1_184' title='bbox 587 3502 706 3562; x_wconf 86' lang='lat' dir='ltr'><strong>autent</strong></span> <span class='ocrx_word' id='word_1_185' title='bbox 723 3488 866 3561; x_wconf 89' lang='lat' dir='ltr'><strong>timebit</strong></span> <span class='ocrx_word' id='word_1_186' title='bbox 883 3487 1064 3583; x_wconf 86' lang='lat' dir='ltr'><strong>&amp;fugiet,</strong></span> <span class='ocrx_word' id='word_1_187' title='bbox 1092 3487 1150 3578; x_wconf 88' lang='lat' dir='ltr'><strong>qui</strong></span> <span class='ocrx_word' id='word_1_188' title='bbox 1170 3488 1248 3580; x_wconf 91' lang='lat' dir='ltr'><strong>opi·</strong></span> 
     </span>
     <span class='ocr_line' id='line_1_29' title="bbox 207 3584 1246 3702; baseline 0.002 -46"><span class='ocrx_word' id='word_1_189' title='bbox 207 3588 363 3659; x_wconf 79' lang='lat' dir='ltr'><strong>piantem</strong></span> <span class='ocrx_word' id='word_1_190' title='bbox 383 3585 527 3677; x_wconf 86' lang='lat' dir='ltr'><strong>Deum,</strong></span> <span class='ocrx_word' id='word_1_191' title='bbox 554 3587 588 3659; x_wconf 75' lang='lat' dir='ltr'><strong>aa</strong></span> <span class='ocrx_word' id='word_1_192' title='bbox 616 3601 818 3684; x_wconf 78' lang='lat' dir='ltr'><strong>pugnantes</strong></span> <span class='ocrx_word' id='word_1_193' title='bbox 848 3588 978 3661; x_wconf 91' lang='lat' dir='ltr'><strong>habeat</strong></span> <span class='ocrx_word' id='word_1_194' title='bbox 1006 3584 1246 3702; x_wconf 73' lang='lat' dir='ltr'><strong>peccatores?</strong></span> 
     </span>
     <span class='ocr_line' id='line_1_30' title="bbox 205 3679 1251 3784; baseline 0.003 -28"><span class='ocrx_word' id='word_1_195' title='bbox 205 3690 397 3758; x_wconf 75' lang='lat' dir='ltr'><strong>’araverunt</strong></span> <span class='ocrx_word' id='word_1_196' title='bbox 409 3686 597 3778; x_wconf 69' lang='lat' dir='ltr'><strong>[argiripam</strong></span> <span class='ocrx_word' id='word_1_197' title='bbox 611 3691 775 3783; x_wconf 76' lang='lat' dir='ltr'><strong>pharetra.</strong></span> <span class='ocrx_word' id='word_1_198' title='bbox 823 3686 958 3784; x_wconf 84' lang='lat' dir='ltr'><strong>Sagitta</strong></span> <span class='ocrx_word' id='word_1_199' title='bbox 974 3683 1024 3761; x_wconf 89' lang='lat' dir='ltr'><strong>est</strong></span> <span class='ocrx_word' id='word_1_200' title='bbox 1041 3686 1145 3759; x_wconf 84' lang='lat' dir='ltr'><strong>animi</strong></span> <span class='ocrx_word' id='word_1_201' title='bbox 1137 3679 1251 3759; x_wconf 89' lang='lat' dir='ltr'><strong>affe·</strong></span> 
     </span>
     <span class='ocr_line' id='line_1_31' title="bbox 205 3784 1249 3884; baseline 0.001 -26"><span class='ocrx_word' id='word_1_202' title='bbox 205 3784 303 3858; x_wconf 78' lang='lat' dir='ltr'><strong>tibus</strong></span> <span class='ocrx_word' id='word_1_203' title='bbox 329 3788 538 3876; x_wconf 87' lang='lat' dir='ltr'><strong>perturbata</strong></span> <span class='ocrx_word' id='word_1_204' title='bbox 563 3788 763 3884; x_wconf 79' lang='lat' dir='ltr'><strong>cogitati03</strong></span> <span class='ocrx_word' id='word_1_205' title='bbox 788 3788 956 3881; x_wconf 90' lang='lat' dir='ltr'><strong>pharetra</strong></span> <span class='ocrx_word' id='word_1_206' title='bbox 978 3788 1090 3859; x_wconf 86' lang='lat' dir='ltr'><strong>malus</strong></span> <span class='ocrx_word' id='word_1_207' title='bbox 1106 3786 1249 3859; x_wconf 81' lang='lat' dir='ltr'><strong>habitus</strong></span> 
     </span>
    </p>
   </div>
   <div class='ocr_carea' id='block_1_8' title="bbox 205 3884 1379 3981">
    <p class='ocr_par' dir='ltr' id='par_1_9' title="bbox 205 3884 1379 3981">
     <span class='ocr_line' id='line_1_32' title="bbox 205 3884 1379 3981; baseline -0.002 -23.99"><span class='ocrx_word' id='word_1_208' title='bbox 205 3884 239 3957; x_wconf 90' lang='lat' dir='ltr'>st</span> <span class='ocrx_word' id='word_1_209' title='bbox 250 3886 432 3978; x_wconf 91' lang='lat' dir='ltr'><strong>,impuris</strong></span> <span class='ocrx_word' id='word_1_210' title='bbox 453 3885 735 3979; x_wconf 78' lang='lat' dir='ltr'><strong>cogitationibus</strong></span> <span class='ocrx_word' id='word_1_211' title='bbox 751 3891 891 3981; x_wconf 86' lang='lat' dir='ltr'><strong>plenus</strong></span> <span class='ocrx_word' id='word_1_212' title='bbox 917 3887 1007 3962; x_wconf 87' lang='lat' dir='ltr'><strong>Haec</strong></span> <span class='ocrx_word' id='word_1_213' title='bbox 1024 3886 1250 3978; x_wconf 86' lang='lat' dir='ltr'><strong>spiritualiter</strong></span> <span class='ocrx_word' id='word_1_214' title='bbox 1376 3902 1379 3916; x_wconf 91' lang='lat'><em>·</em></span> 
     </span>
    </p>
   </div>
   <div class='ocr_carea' id='block_1_9' title="bbox 205 3984 1256 4191">
    <p class='ocr_par' dir='ltr' id='par_1_10' title="bbox 205 3984 1256 4184">
     <span class='ocr_line' id='line_1_33' title="bbox 205 3984 1253 4104; baseline 0.005 -48"><span class='ocrx_word' id='word_1_215' title='bbox 205 3985 233 4056; x_wconf 85' lang='lat' dir='ltr'><strong>ie</strong></span> <span class='ocrx_word' id='word_1_216' title='bbox 255 3985 476 4057; x_wconf 79' lang='lat' dir='ltr'><strong>demonibus</strong></span> <span class='ocrx_word' id='word_1_217' title='bbox 503 3987 741 4082; x_wconf 73' lang='lat' dir='ltr'><strong>pugnantibus</strong></span> <span class='ocrx_word' id='word_1_218' title='bbox 760 3988 1020 4104; x_wconf 83' lang='lat' dir='ltr'><strong>intelliguntur</strong></span> <span class='ocrx_word' id='word_1_219' title='bbox 1074 3984 1253 4061; x_wconf 82' lang='lat' dir='ltr'><strong>Verumfi</strong></span> 
     </span>
     <span class='ocr_line' id='line_1_34' title="bbox 205 4082 1256 4191; baseline -0.007 -29"><span class='ocrx_word' id='word_1_220' title='bbox 205 4082 617 4191; x_wconf 77' lang='lat' dir='ltr'><strong>tisensutnreserantur,</strong></span> <span class='ocrx_word' id='word_1_221' title='bbox 643 4085 781 4162; x_wconf 75' lang='lat' dir='ltr'><strong>sensiles</strong></span> <span class='ocrx_word' id='word_1_222' title='bbox 797 4087 943 4165; x_wconf 85' lang='lat' dir='ltr'><strong>hostes</strong></span> <span class='ocrx_word' id='word_1_223' title='bbox 932 4098 1097 4163; x_wconf 89' lang='lat' dir='ltr'><strong>mouent</strong></span> <span class='ocrx_word' id='word_1_224' title='bbox 1152 4083 1256 4157; x_wconf 78' lang='lat' dir='ltr'><strong>Inoi-</strong></span> 
     </span>
    </p>
   </div>
   <div class='ocr_carea' id='block_1_10' title="bbox 681 4183 1209 4291">
    <p class='ocr_par' dir='ltr' id='par_1_11' title="bbox 681 4183 1209 4291">
     <span class='ocr_line' id='line_1_35' title="bbox 681 4183 1209 4291; baseline 0.013 -27"><span class='ocrx_word' id='word_1_225' title='bbox 681 4186 761 4291; x_wconf 71' lang='lat' dir='ltr'><strong>Zs</strong></span> <span class='ocrx_word' id='word_1_226' title='bbox 1140 4183 1209 4271; x_wconf 65' lang='lat' dir='ltr'><strong>see·</strong></span> 
     </span>
    </p>
   </div>
   <div class='ocr_carea' id='block_1_11' title="bbox 0 0 1545 4875">
    <p class='ocr_par' dir='ltr' id='par_1_12' title="bbox 0 0 1545 4875">
     <span class='ocr_line' id='line_1_36' title="bbox 0 0 1545 4875; baseline 0 0"><span class='ocrx_word' id='word_1_227' title='bbox 0 0 1545 4875; x_wconf 95' lang='lat' dir='ltr'><strong> </strong></span> 
     </span>
    </p>
   </div>
  </div>
 </body>
</html>
