<?xml version="1.0" encoding="UTF-8"?>
<!DOCTYPE html PUBLIC "-//W3C//DTD XHTML 1.0 Transitional//EN"
    "http://www.w3.org/TR/xhtml1/DTD/xhtml1-transitional.dtd">
<html xmlns="http://www.w3.org/1999/xhtml" xml:lang="en" lang="en">
 <head>
  <title>
</title>
<meta http-equiv="Content-Type" content="text/html;charset=utf-8" />
  <meta name='ocr-system' content='tesseract 3.04.00' />
  <meta name='ocr-capabilities' content='ocr_page ocr_carea ocr_par ocr_line ocrx_word'/>
</head>
<body>
  <div class='ocr_page' id='page_1' title='image "./operaomniasanct09unkngoog_0050.png"; bbox 0 0 3075 4875; ppageno 0'>
   <div class='ocr_carea' id='block_1_1' title="bbox 229 407 964 556">
    <p class='ocr_par' dir='ltr' id='par_1_1' title="bbox 229 407 964 556">
     <span class='ocr_line' id='line_1_1' title="bbox 229 407 964 556; baseline -0.012 -60"><span class='ocrx_word' id='word_1_1' title='bbox 229 421 355 556; x_wconf 58' lang='lat'>⁸⁶)</span> <span class='ocrx_word' id='word_1_2' title='bbox 553 407 964 494; x_wconf 67' lang='lat' dir='ltr'>-oarot&#39;urs</span> 
     </span>
    </p>
   </div>
   <div class='ocr_carea' id='block_1_2' title="bbox 224 569 1333 4048">
    <p class='ocr_par' dir='ltr' id='par_1_2' title="bbox 224 569 1333 4048">
     <span class='ocr_line' id='line_1_2' title="bbox 229 569 1331 671; baseline -0.005 -15"><span class='ocrx_word' id='word_1_3' title='bbox 229 585 320 656; x_wconf 84' lang='lat' dir='ltr'>tunc</span> <span class='ocrx_word' id='word_1_4' title='bbox 338 576 874 654; x_wconf 77' lang='lat' dir='ltr'>occurreneinsediantissarach</span> <span class='ocrx_word' id='word_1_5' title='bbox 883 569 1289 671; x_wconf 77' lang='lat' dir='ltr'>mortuumjamupro·</span> <span class='ocrx_word' id='word_1_6' title='bbox 1329 633 1331 637; x_wconf 83' lang='lat'><em>.</em></span> 
     </span>
     <span class='ocr_line' id='line_1_3' title="bbox 228 675 1286 758; baseline -0.005 0"><span class='ocrx_word' id='word_1_7' title='bbox 228 677 377 758; x_wconf 76' lang='lat' dir='ltr'>stratum</span> <span class='ocrx_word' id='word_1_8' title='bbox 394 675 551 751; x_wconf 89' lang='lat' dir='ltr'>ostendit</span> <span class='ocrx_word' id='word_1_9' title='bbox 569 678 727 755; x_wconf 82' lang='lat' dir='ltr'>sisaram.</span> <span class='ocrx_word' id='word_1_10' title='bbox 1283 735 1286 742; x_wconf 84' lang='lat'>.</span> 
     </span>
     <span class='ocr_line' id='line_1_4' title="bbox 305 773 1288 877; baseline -0.002 -27"><span class='ocrx_word' id='word_1_11' title='bbox 305 797 339 870; x_wconf 81' lang='grc' dir='ltr'>ς.</span> <span class='ocrx_word' id='word_1_12' title='bbox 366 777 465 877; x_wconf 88' lang='lat' dir='ltr'><strong>Quid</strong></span> <span class='ocrx_word' id='word_1_13' title='bbox 478 797 566 873; x_wconf 86' lang='lat' dir='ltr'>ergo</span> <span class='ocrx_word' id='word_1_14' title='bbox 578 778 683 868; x_wconf 81' lang='lat' dir='ltr'>nobis</span> <span class='ocrx_word' id='word_1_15' title='bbox 702 776 907 852; x_wconf 76' lang='lat' dir='ltr'>sacramenti</span> <span class='ocrx_word' id='word_1_16' title='bbox 918 776 1038 870; x_wconf 86' lang='lat' dir='ltr'>omnis</span> <span class='ocrx_word' id='word_1_17' title='bbox 1052 774 1115 848; x_wconf 89' lang='lat' dir='ltr'>iste</span> <span class='ocrx_word' id='word_1_18' title='bbox 1130 773 1288 849; x_wconf 81' lang='lat' dir='ltr'>historiae</span> 
     </span>
     <span class='ocr_line' id='line_1_5' title="bbox 229 874 1322 976; baseline -0.009 -21"><span class='ocrx_word' id='word_1_19' title='bbox 229 892 352 954; x_wconf 83' lang='lat' dir='ltr'>textus</span> <span class='ocrx_word' id='word_1_20' title='bbox 368 874 549 951; x_wconf 74' lang='lat' dir='ltr'>ostendit?</span> <span class='ocrx_word' id='word_1_21' title='bbox 574 879 676 976; x_wconf 86' lang='lat' dir='ltr'>Jahei</span> <span class='ocrx_word' id='word_1_22' title='bbox 688 878 814 952; x_wconf 88' lang='lat' dir='ltr'>mulier</span> <span class='ocrx_word' id='word_1_23' title='bbox 830 876 1043 970; x_wconf 83' lang='lat' dir='ltr'>alienigena,</span> <span class='ocrx_word' id='word_1_24' title='bbox 1064 875 1109 948; x_wconf 93' lang='lat' dir='ltr'>de</span> <span class='ocrx_word' id='word_1_25' title='bbox 1123 895 1193 965; x_wconf 90' lang='lat' dir='ltr'>qua</span> <span class='ocrx_word' id='word_1_26' title='bbox 1205 895 1289 970; x_wconf 89' lang='lat' dir='ltr'>pro·</span> <span class='ocrx_word' id='word_1_27' title='bbox 1307 897 1322 954; x_wconf 79' lang='lat'>‘.</span> 
     </span>
     <span class='ocr_line' id='line_1_6' title="bbox 228 970 1297 1074; baseline -0.007 -20"><span class='ocrx_word' id='word_1_28' title='bbox 228 975 355 1074; x_wconf 75' lang='lat' dir='ltr'>phetia</span> <span class='ocrx_word' id='word_1_29' title='bbox 370 975 482 1069; x_wconf 86' lang='lat' dir='ltr'><strong>dixit,</strong></span> <span class='ocrx_word' id='word_1_30' title='bbox 508 978 606 1069; x_wconf 89' lang='lat' dir='ltr'>quod</span> <span class='ocrx_word' id='word_1_31' title='bbox 623 979 660 1051; x_wconf 90' lang='lat' dir='ltr'>in</span> <span class='ocrx_word' id='word_1_32' title='bbox 677 998 785 1051; x_wconf 92' lang='lat' dir='ltr'>manu</span> <span class='ocrx_word' id='word_1_33' title='bbox 803 976 958 1050; x_wconf 87' lang='lat' dir='ltr'>mulieris</span> <span class='ocrx_word' id='word_1_34' title='bbox 972 971 1222 1067; x_wconf 72' lang='lat' dir='ltr'>fiet-victoria,</span> <span class='ocrx_word' id='word_1_35' title='bbox 1247 970 1297 1047; x_wconf 83' lang='lat' dir='ltr'>fi·&#39;</span> 
     </span>
     <span class='ocr_line' id='line_1_7' title="bbox 229 1069 1288 1175; baseline -0.007 -23"><span class='ocrx_word' id='word_1_36' title='bbox 229 1095 355 1175; x_wconf 73' lang='lat' dir='ltr'>guram</span> <span class='ocrx_word' id='word_1_37' title='bbox 372 1089 475 1151; x_wconf 88' lang='lat' dir='ltr'>tenet</span> <span class='ocrx_word' id='word_1_38' title='bbox 493 1072 687 1170; x_wconf 85' lang='lat' dir='ltr'>Ecclestae,</span> <span class='ocrx_word' id='word_1_39' title='bbox 714 1099 791 1169; x_wconf 78' lang='lat' dir='ltr'>quae</span> <span class='ocrx_word' id='word_1_40' title='bbox 813 1097 858 1148; x_wconf 82' lang='lat' dir='ltr'>ex</span> <span class='ocrx_word' id='word_1_41' title='bbox 876 1074 998 1148; x_wconf 88' lang='lat' dir='ltr'>alienis</span> <span class='ocrx_word' id='word_1_42' title='bbox 1017 1074 1182 1170; x_wconf 82' lang='lat' dir='ltr'>gentibus</span> <span class='ocrx_word' id='word_1_43' title='bbox 1200 1069 1288 1149; x_wconf 76' lang='lat' dir='ltr'>&#39;con-</span> 
     </span>
     <span class='ocr_line' id='line_1_8' title="bbox 230 1171 1290 1274; baseline -0.003 -25"><span class='ocrx_word' id='word_1_44' title='bbox 230 1189 378 1274; x_wconf 79' lang='lat' dir='ltr'>gregata</span> <span class='ocrx_word' id='word_1_45' title='bbox 393 1174 453 1251; x_wconf 77' lang='lat' dir='ltr'>ert</span> <span class='ocrx_word' id='word_1_46' title='bbox 479 1174 872 1272; x_wconf 83' lang='lat' dir='ltr'>Interpretaturautem</span> <span class='ocrx_word' id='word_1_47' title='bbox 885 1174 987 1271; x_wconf 90' lang='lat' dir='ltr'>Jahel</span> <span class='ocrx_word' id='word_1_48' title='bbox 1007 1171 1187 1246; x_wconf 73' lang='lat' dir='ltr'>ascensio:-</span> <span class='ocrx_word' id='word_1_49' title='bbox 1208 1173 1290 1265; x_wconf 79' lang='lat' dir='ltr'>quia</span> 
     </span>
     <span class='ocr_line' id='line_1_9' title="bbox 230 1271 1290 1366; baseline -0.002 -16"><span class='ocrx_word' id='word_1_50' title='bbox 230 1294 364 1358; x_wconf 85' lang='lat' dir='ltr'>reuera</span> <span class='ocrx_word' id='word_1_51' title='bbox 378 1295 455 1348; x_wconf 92' lang='lat' dir='ltr'>non</span> <span class='ocrx_word' id='word_1_52' title='bbox 472 1273 523 1349; x_wconf 89' lang='lat' dir='ltr'>est</span> <span class='ocrx_word' id='word_1_53' title='bbox 543 1277 609 1350; x_wconf 85' lang='lat' dir='ltr'>alia</span> <span class='ocrx_word' id='word_1_54' title='bbox 632 1274 807 1366; x_wconf 79' lang='lat' dir='ltr'>ascensio,</span> <span class='ocrx_word' id='word_1_55' title='bbox 834 1293 902 1366; x_wconf 90' lang='lat' dir='ltr'>qua</span> <span class='ocrx_word' id='word_1_56' title='bbox 928 1271 1202 1346; x_wconf 86' lang='lat' dir='ltr'>ascendaturad</span> <span class='ocrx_word' id='word_1_57' title='bbox 1219 1292 1290 1348; x_wconf 87' lang='lat' dir='ltr'>coe·</span> 
     </span>
     <span class='ocr_line' id='line_1_10' title="bbox 230 1368 1315 1470; baseline 0 -20"><span class='ocrx_word' id='word_1_58' title='bbox 230 1375 336 1467; x_wconf 87' lang='lat' dir='ltr'>ium,</span> <span class='ocrx_word' id='word_1_59' title='bbox 369 1372 431 1449; x_wconf 84' lang='lat' dir='ltr'>nisr</span> <span class='ocrx_word' id='word_1_60' title='bbox 454 1393 519 1470; x_wconf 93' lang='lat' dir='ltr'>per</span> <span class='ocrx_word' id='word_1_61' title='bbox 543 1373 735 1451; x_wconf 81' lang='lat' dir='ltr'>Ecclesiam</span> <span class='ocrx_word' id='word_1_62' title='bbox 760 1372 988 1449; x_wconf 85' lang='lat' dir='ltr'>multiformis</span> <span class='ocrx_word' id='word_1_63' title='bbox 1006 1368 1184 1465; x_wconf 79' lang='lat' dir='ltr'>sapientie</span> <span class='ocrx_word' id='word_1_64' title='bbox 1204 1370 1315 1450; x_wconf 87' lang='lat' dir='ltr'>Dei...</span> 
     </span>
     <span class='ocr_line' id='line_1_11' title="bbox 231 1468 1304 1570; baseline -0.009 -18"><span class='ocrx_word' id='word_1_65' title='bbox 231 1471 312 1569; x_wconf 86' lang='lat' dir='ltr'>Ipsa</span> <span class='ocrx_word' id='word_1_66' title='bbox 324 1471 495 1570; x_wconf 82' lang='lat' dir='ltr'>estergo,</span> <span class='ocrx_word' id='word_1_67' title='bbox 521 1494 622 1570; x_wconf 82' lang='lat' dir='ltr'>que,</span> <span class='ocrx_word' id='word_1_68' title='bbox 646 1476 729 1549; x_wconf 91' lang='lat' dir='ltr'>dum</span> <span class='ocrx_word' id='word_1_69' title='bbox 748 1495 768 1547; x_wconf 84' lang='lat' dir='ltr'>a</span> <span class='ocrx_word' id='word_1_70' title='bbox 784 1472 1030 1566; x_wconf 77' lang='lat' dir='ltr'>corporalibus</span> <span class='ocrx_word' id='word_1_71' title='bbox 1048 1470 1091 1543; x_wconf 87' lang='lat' dir='ltr'>ad</span> <span class='ocrx_word' id='word_1_72' title='bbox 1108 1468 1304 1564; x_wconf 78' lang='lat' dir='ltr'>spiritalia,</span> 
     </span>
     <span class='ocr_line' id='line_1_12' title="bbox 235 1568 1289 1666; baseline -0.003 -20"><span class='ocrx_word' id='word_1_73' title='bbox 235 1571 272 1646; x_wconf 78' lang='lat' dir='ltr'>u</span> <span class='ocrx_word' id='word_1_74' title='bbox 289 1595 309 1646; x_wconf 88' lang='lat' dir='ltr'>a</span> <span class='ocrx_word' id='word_1_75' title='bbox 327 1573 480 1646; x_wconf 83' lang='lat' dir='ltr'>terrenis</span> <span class='ocrx_word' id='word_1_76' title='bbox 496 1571 652 1649; x_wconf 90' lang='lat' dir='ltr'>ascendit</span> <span class='ocrx_word' id='word_1_77' title='bbox 669 1575 712 1649; x_wconf 88' lang='lat' dir='ltr'>ad</span> <span class='ocrx_word' id='word_1_78' title='bbox 731 1572 908 1666; x_wconf 88' lang='lat' dir='ltr'>coelestia,</span> <span class='ocrx_word' id='word_1_79' title='bbox 934 1569 1115 1644; x_wconf 84' lang='lat' dir='ltr'>interfecit</span> <span class='ocrx_word' id='word_1_80' title='bbox 1128 1568 1289 1665; x_wconf 78' lang='lat' dir='ltr'>sisarum,</span> 
     </span>
     <span class='ocr_line' id='line_1_13' title="bbox 228 1668 1289 1768; baseline -0.006 -21"><span class='ocrx_word' id='word_1_81' title='bbox 228 1669 280 1747; x_wconf 79' lang='lat' dir='ltr'>de</span> <span class='ocrx_word' id='word_1_82' title='bbox 299 1689 373 1766; x_wconf 81' lang='lat' dir='ltr'>quo</span> <span class='ocrx_word' id='word_1_83' title='bbox 390 1673 462 1767; x_wconf 83' lang='lat' dir='ltr'>jam</span> <span class='ocrx_word' id='word_1_84' title='bbox 477 1669 635 1768; x_wconf 77' lang='lat' dir='ltr'>superius</span> <span class='ocrx_word' id='word_1_85' title='bbox 655 1674 827 1765; x_wconf 81' lang='lat' dir='ltr'>diximus,</span> <span class='ocrx_word' id='word_1_86' title='bbox 853 1669 952 1764; x_wconf 87' lang='lat' dir='ltr'>quod</span> <span class='ocrx_word' id='word_1_87' title='bbox 968 1671 1160 1744; x_wconf 88' lang='lat' dir='ltr'>carnalium</span> <span class='ocrx_word' id='word_1_88' title='bbox 1179 1668 1289 1742; x_wconf 89' lang='lat' dir='ltr'>vitio-</span> 
     </span>
     <span class='ocr_line' id='line_1_14' title="bbox 229 1766 1291 1868; baseline -0.003 -24"><span class='ocrx_word' id='word_1_89' title='bbox 229 1790 331 1865; x_wconf 84' lang='lat' dir='ltr'>rum,</span> <span class='ocrx_word' id='word_1_90' title='bbox 358 1770 591 1868; x_wconf 72' lang='lat' dir='ltr'>damnalia,</span> <span class='ocrx_word' id='word_1_91' title='bbox 617 1777 679 1849; x_wconf 89' lang='lat' dir='ltr'>vel</span> <span class='ocrx_word' id='word_1_92' title='bbox 698 1770 817 1847; x_wconf 82' lang='lat' dir='ltr'>stolidi</span> <span class='ocrx_word' id='word_1_93' title='bbox 831 1772 984 1845; x_wconf 83' lang='lat' dir='ltr'>hominis</span> <span class='ocrx_word' id='word_1_94' title='bbox 1006 1782 1106 1842; x_wconf 86' lang='lat' dir='ltr'>tenet</span> <span class='ocrx_word' id='word_1_95' title='bbox 1122 1766 1291 1865; x_wconf 82' lang='lat' dir='ltr'>iigtuam,</span> 
     </span>
     <span class='ocr_line' id='line_1_15' title="bbox 233 1866 1289 1967; baseline -0.004 -23"><span class='ocrx_word' id='word_1_96' title='bbox 233 1871 317 1964; x_wconf 87' lang='lat' dir='ltr'>quia</span> <span class='ocrx_word' id='word_1_97' title='bbox 332 1869 445 1946; x_wconf 80' lang='lat' dir='ltr'>Sisara</span> <span class='ocrx_word' id='word_1_98' title='bbox 460 1872 550 1948; x_wconf 82' lang='lat' dir='ltr'>visto</span> <span class='ocrx_word' id='word_1_99' title='bbox 569 1875 651 1967; x_wconf 88' lang='lat' dir='ltr'>equi</span> <span class='ocrx_word' id='word_1_100' title='bbox 669 1874 937 1966; x_wconf 84' lang='lat' dir='ltr'>interpretatur.</span> <span class='ocrx_word' id='word_1_101' title='bbox 987 1869 1045 1942; x_wconf 94' lang='lat' dir='ltr'>De</span> <span class='ocrx_word' id='word_1_102' title='bbox 1059 1888 1132 1961; x_wconf 93' lang='lat' dir='ltr'>quo</span> <span class='ocrx_word' id='word_1_103' title='bbox 1143 1866 1289 1963; x_wconf 86' lang='lat' dir='ltr'>scriptu·</span> 
     </span>
     <span class='ocr_line' id='line_1_16' title="bbox 231 1963 1294 2072; baseline -0.008 -28"><span class='ocrx_word' id='word_1_104' title='bbox 231 1989 274 2046; x_wconf 79' lang='lat' dir='ltr'>rt</span> <span class='ocrx_word' id='word_1_105' title='bbox 290 1971 397 2047; x_wconf 75' lang='lat' dir='ltr'>dicit:</span> <span class='ocrx_word' id='word_1_106' title='bbox 424 1974 539 2049; x_wconf 74' lang='lat' dir='ltr'>Nolite</span> <span class='ocrx_word' id='word_1_107' title='bbox 546 1971 624 2064; x_wconf 76' lang='lat' dir='ltr'>fieri</span> <span class='ocrx_word' id='word_1_108' title='bbox 631 1974 714 2072; x_wconf 78' lang='lat' dir='ltr'>ficut</span> <span class='ocrx_word' id='word_1_109' title='bbox 726 1993 822 2071; x_wconf 78' lang='lat' dir='ltr'>equus</span> <span class='ocrx_word' id='word_1_110' title='bbox 837 1968 877 2049; x_wconf 70' lang='lat' dir='ltr'><strong><em>U</em></strong></span> <span class='ocrx_word' id='word_1_111' title='bbox 894 1969 1017 2057; x_wconf 73' lang='lat' dir='ltr'>areius,</span> <span class='ocrx_word' id='word_1_112' title='bbox 1042 1970 1235 2068; x_wconf 78' lang='lat' dir='ltr'>quibusnam</span> <span class='ocrx_word' id='word_1_113' title='bbox 1250 1963 1294 2063; x_wconf 69' lang='lat' dir='ltr'>est</span> 
     </span>
     <span class='ocr_line' id='line_1_17' title="bbox 231 2065 1292 2169; baseline -0.004 -28"><span class='ocrx_word' id='word_1_114' title='bbox 231 2069 421 2145; x_wconf 72' lang='lat' dir='ltr'>iutedefius.</span> <span class='ocrx_word' id='word_1_115' title='bbox 471 2069 559 2147; x_wconf 85' lang='lat' dir='ltr'>Palo</span> <span class='ocrx_word' id='word_1_116' title='bbox 576 2093 664 2169; x_wconf 86' lang='lat' dir='ltr'>ergo</span> <span class='ocrx_word' id='word_1_117' title='bbox 683 2069 978 2162; x_wconf 89' lang='lat' dir='ltr'>euminterfecit,</span> <span class='ocrx_word' id='word_1_118' title='bbox 1003 2068 1039 2141; x_wconf 93' lang='lat' dir='ltr'>id</span> <span class='ocrx_word' id='word_1_119' title='bbox 1053 2065 1103 2142; x_wconf 91' lang='lat' dir='ltr'>est</span> <span class='ocrx_word' id='word_1_120' title='bbox 1117 2068 1201 2163; x_wconf 85' lang='lat' dir='ltr'>ligni</span> <span class='ocrx_word' id='word_1_121' title='bbox 1213 2085 1292 2138; x_wconf 90' lang='lat' dir='ltr'>cru·</span> 
     </span>
     <span class='ocr_line' id='line_1_18' title="bbox 232 2164 1292 2263; baseline -0.002 -21"><span class='ocrx_word' id='word_1_122' title='bbox 232 2167 286 2242; x_wconf 81' lang='lat' dir='ltr'>cis</span> <span class='ocrx_word' id='word_1_123' title='bbox 305 2170 488 2263; x_wconf 83' lang='lat' dir='ltr'>acumine,</span> <span class='ocrx_word' id='word_1_124' title='bbox 514 2170 706 2247; x_wconf 86' lang='lat' dir='ltr'>&amp;virtute</span> <span class='ocrx_word' id='word_1_125' title='bbox 728 2191 809 2243; x_wconf 91' lang='lat' dir='ltr'>eum</span> <span class='ocrx_word' id='word_1_126' title='bbox 834 2167 1038 2263; x_wconf 91' lang='lat' dir='ltr'>prosternit.</span> <span class='ocrx_word' id='word_1_127' title='bbox 1089 2164 1139 2239; x_wconf 89' lang='lat' dir='ltr'>Et</span> <span class='ocrx_word' id='word_1_128' title='bbox 1156 2186 1233 2239; x_wconf 92' lang='lat' dir='ltr'>non</span> <span class='ocrx_word' id='word_1_129' title='bbox 1252 2164 1292 2240; x_wconf 85' lang='lat' dir='ltr'>ii·</span> 
     </span>
     <span class='ocr_line' id='line_1_19' title="bbox 231 2262 1292 2364; baseline -0.005 -23"><span class='ocrx_word' id='word_1_130' title='bbox 231 2283 281 2341; x_wconf 82' lang='lat' dir='ltr'>rte</span> <span class='ocrx_word' id='word_1_131' title='bbox 306 2266 408 2342; x_wconf 86' lang='lat' dir='ltr'>causa</span> <span class='ocrx_word' id='word_1_132' title='bbox 431 2270 608 2346; x_wconf 87' lang='lat' dir='ltr'>maxillam</span> <span class='ocrx_word' id='word_1_133' title='bbox 634 2271 710 2361; x_wconf 85' lang='lat' dir='ltr'>ejus</span> <span class='ocrx_word' id='word_1_134' title='bbox 733 2271 817 2364; x_wconf 89' lang='lat' dir='ltr'>palo</span> <span class='ocrx_word' id='word_1_135' title='bbox 839 2263 1138 2342; x_wconf 81' lang='lat' dir='ltr'>transverberasse</span> <span class='ocrx_word' id='word_1_136' title='bbox 1164 2262 1292 2339; x_wconf 87' lang='lat' dir='ltr'>descri-</span> 
     </span>
     <span class='ocr_line' id='line_1_20' title="bbox 231 2363 1292 2465; baseline -0.005 -22"><span class='ocrx_word' id='word_1_137' title='bbox 231 2363 343 2443; x_wconf 84' lang='lat' dir='ltr'>bitur.</span> <span class='ocrx_word' id='word_1_138' title='bbox 394 2365 486 2441; x_wconf 90' lang='lat' dir='ltr'>Illud</span> <span class='ocrx_word' id='word_1_139' title='bbox 496 2371 597 2445; x_wconf 89' lang='lat' dir='ltr'>enim</span> <span class='ocrx_word' id='word_1_140' title='bbox 616 2391 686 2465; x_wconf 81' lang='lat' dir='ltr'>os,</span> <span class='ocrx_word' id='word_1_141' title='bbox 713 2368 812 2462; x_wconf 89' lang='lat' dir='ltr'>quod</span> <span class='ocrx_word' id='word_1_142' title='bbox 835 2367 879 2441; x_wconf 88' lang='lat' dir='ltr'>de</span> <span class='ocrx_word' id='word_1_143' title='bbox 903 2368 1100 2440; x_wconf 82' lang='lat' dir='ltr'>carnalibus</span> <span class='ocrx_word' id='word_1_144' title='bbox 1120 2365 1292 2456; x_wconf 85' lang='lat' dir='ltr'>loqueba·</span> 
     </span>
     <span class='ocr_line' id='line_1_21' title="bbox 232 2462 1290 2564; baseline -0.002 -25"><span class='ocrx_word' id='word_1_145' title='bbox 232 2474 316 2548; x_wconf 87' lang='lat' dir='ltr'>tur,</span> <span class='ocrx_word' id='word_1_146' title='bbox 345 2465 377 2539; x_wconf 81' lang='lat' dir='ltr'>dt</span> <span class='ocrx_word' id='word_1_147' title='bbox 398 2465 458 2539; x_wconf 90' lang='lat' dir='ltr'>illa</span> <span class='ocrx_word' id='word_1_148' title='bbox 473 2468 653 2564; x_wconf 72' lang='lat' dir='ltr'>doctrina,</span> <span class='ocrx_word' id='word_1_149' title='bbox 680 2489 757 2562; x_wconf 79' lang='lat' dir='ltr'>quae</span> <span class='ocrx_word' id='word_1_150' title='bbox 774 2468 888 2541; x_wconf 81' lang='lat' dir='ltr'>carnia</span> <span class='ocrx_word' id='word_1_151' title='bbox 902 2469 1049 2563; x_wconf 80' lang='lat' dir='ltr'>gloriam</span> <span class='ocrx_word' id='word_1_152' title='bbox 1064 2462 1290 2558; x_wconf 75' lang='lat' dir='ltr'>praeferebat,</span> 
     </span>
     <span class='ocr_line' id='line_1_22' title="bbox 234 2562 1292 2662; baseline 0.003 -28"><span class='ocrx_word' id='word_1_153' title='bbox 234 2564 318 2656; x_wconf 84' lang='lat' dir='ltr'>quia</span> <span class='ocrx_word' id='word_1_154' title='bbox 337 2563 374 2637; x_wconf 92' lang='lat' dir='ltr'>in</span> <span class='ocrx_word' id='word_1_155' title='bbox 392 2563 558 2662; x_wconf 84' lang='lat' dir='ltr'>deliciis,</span> <span class='ocrx_word' id='word_1_156' title='bbox 584 2570 618 2642; x_wconf 82' lang='lat' dir='ltr'>dt</span> <span class='ocrx_word' id='word_1_157' title='bbox 639 2570 832 2660; x_wconf 81' lang='lat' dir='ltr'>voluptate</span> <span class='ocrx_word' id='word_1_158' title='bbox 855 2567 1051 2640; x_wconf 87' lang='lat' dir='ltr'>vivendum</span> <span class='ocrx_word' id='word_1_159' title='bbox 1076 2562 1292 2659; x_wconf 77' lang='lat' dir='ltr'>sapientibus</span> 
     </span>
     <span class='ocr_line' id='line_1_23' title="bbox 233 2660 1333 2761; baseline -0.004 -24"><span class='ocrx_word' id='word_1_160' title='bbox 233 2660 350 2737; x_wconf 78' lang='lat' dir='ltr'>seculi</span> <span class='ocrx_word' id='word_1_161' title='bbox 373 2663 631 2758; x_wconf 88' lang='lat' dir='ltr'>persuadebat,</span> <span class='ocrx_word' id='word_1_162' title='bbox 658 2667 897 2743; x_wconf 88' lang='lat' dir='ltr'>&amp;humanum</span> <span class='ocrx_word' id='word_1_163' title='bbox 915 2662 1025 2761; x_wconf 76' lang='lat' dir='ltr'>ge&#39;nus</span> <span class='ocrx_word' id='word_1_164' title='bbox 1041 2664 1188 2737; x_wconf 83' lang='lat' dir='ltr'>luxuriae</span> <span class='ocrx_word' id='word_1_165' title='bbox 1209 2660 1293 2735; x_wconf 87' lang='lat' dir='ltr'>adu·</span> <span class='ocrx_word' id='word_1_166' title='bbox 1327 2664 1333 2671; x_wconf 86' lang='grc'><strong>“</strong></span> 
     </span>
     <span class='ocr_line' id='line_1_24' title="bbox 231 2762 1292 2861; baseline -0.002 -26"><span class='ocrx_word' id='word_1_167' title='bbox 231 2762 372 2853; x_wconf 81' lang='lat' dir='ltr'>latione</span> <span class='ocrx_word' id='word_1_168' title='bbox 390 2763 607 2861; x_wconf 82' lang='lat' dir='ltr'>deceperat:</span> <span class='ocrx_word' id='word_1_169' title='bbox 641 2765 752 2859; x_wconf 92' lang='lat' dir='ltr'>illud,</span> <span class='ocrx_word' id='word_1_170' title='bbox 786 2766 955 2857; x_wconf 88' lang='lat' dir='ltr'>inquam,</span> <span class='ocrx_word' id='word_1_171' title='bbox 986 2785 1029 2837; x_wconf 84' lang='lat' dir='ltr'>os</span> <span class='ocrx_word' id='word_1_172' title='bbox 1044 2765 1152 2858; x_wconf 74' lang='lat' dir='ltr'>¹ligno</span> <span class='ocrx_word' id='word_1_173' title='bbox 1175 2762 1292 2835; x_wconf 78' lang='lat' dir='ltr'>crucia</span> 
     </span>
     <span class='ocr_line' id='line_1_25' title="bbox 233 2862 1297 2956; baseline 0.001 -21"><span class='ocrx_word' id='word_1_174' title='bbox 233 2862 507 2938; x_wconf 76' lang='lat' dir='ltr'>confoditur&amp;</span> <span class='ocrx_word' id='word_1_175' title='bbox 539 2866 766 2955; x_wconf 81' lang='lat' dir='ltr'>terebratur,</span> <span class='ocrx_word' id='word_1_176' title='bbox 793 2866 876 2956; x_wconf 87' lang='lat' dir='ltr'>quia</span> <span class='ocrx_word' id='word_1_177' title='bbox 910 2864 1004 2937; x_wconf 90' lang='lat' dir='ltr'>iiiam</span> <span class='ocrx_word' id='word_1_178' title='bbox 1039 2866 1155 2955; x_wconf 88' lang='lat' dir='ltr'>viam,</span> <span class='ocrx_word' id='word_1_179' title='bbox 1189 2880 1297 2952; x_wconf 89' lang='lat' dir='ltr'>quam·</span> 
     </span>
     <span class='ocr_line' id='line_1_26' title="bbox 233 2959 1295 3058; baseline -0.001 -24"><span class='ocrx_word' id='word_1_180' title='bbox 233 2960 462 3056; x_wconf 79' lang='lat' dir='ltr'>philosophia</span> <span class='ocrx_word' id='word_1_181' title='bbox 477 2966 582 3038; x_wconf 85' lang='lat' dir='ltr'>latam</span> <span class='ocrx_word' id='word_1_182' title='bbox 601 2963 635 3038; x_wconf 83' lang='lat' dir='ltr'>da</span> <span class='ocrx_word' id='word_1_183' title='bbox 651 2959 836 3058; x_wconf 88' lang='lat' dir='ltr'>spatiosam</span> <span class='ocrx_word' id='word_1_184' title='bbox 854 2962 1109 3056; x_wconf 74' lang='lat' dir='ltr'>predicaverat</span> <span class='ocrx_word' id='word_1_185' title='bbox 1125 2962 1295 3052; x_wconf 88' lang='lat' dir='ltr'>volupta-</span> 
     </span>
     <span class='ocr_line' id='line_1_27' title="bbox 233 3054 1295 3158; baseline 0 -26"><span class='ocrx_word' id='word_1_186' title='bbox 233 3059 303 3152; x_wconf 80' lang='lat' dir='ltr'>tis,</span> <span class='ocrx_word' id='word_1_187' title='bbox 330 3061 421 3135; x_wconf 87' lang='lat' dir='ltr'>hanc</span> <span class='ocrx_word' id='word_1_188' title='bbox 435 3060 593 3136; x_wconf 81' lang='lat' dir='ltr'>Christus</span> <span class='ocrx_word' id='word_1_189' title='bbox 609 3062 737 3136; x_wconf 71' lang='lat' dir='ltr'>arctam</span> <span class='ocrx_word' id='word_1_190' title='bbox 761 3061 987 3158; x_wconf 80' lang='lat' dir='ltr'>&amp;angrrstam</span> <span class='ocrx_word' id='word_1_191' title='bbox 1006 3061 1114 3134; x_wconf 84' lang='lat' dir='ltr'>nobis</span> <span class='ocrx_word' id='word_1_192' title='bbox 1133 3060 1229 3132; x_wconf 87' lang='lat' dir='ltr'>viam</span> <span class='ocrx_word' id='word_1_193' title='bbox 1246 3054 1295 3132; x_wconf 89' lang='lat' dir='ltr'>sa·</span> 
     </span>
     <span class='ocr_line' id='line_1_28' title="bbox 233 3157 1296 3256; baseline -0.005 -21"><span class='ocrx_word' id='word_1_194' title='bbox 233 3158 319 3235; x_wconf 87' lang='lat' dir='ltr'>lutis</span> <span class='ocrx_word' id='word_1_195' title='bbox 334 3158 500 3237; x_wconf 83' lang='lat' dir='ltr'>ostendit.</span> <span class='ocrx_word' id='word_1_196' title='bbox 552 3161 611 3235; x_wconf 87' lang='lat' dir='ltr'>Sic</span> <span class='ocrx_word' id='word_1_197' title='bbox 628 3182 715 3256; x_wconf 84' lang='lat' dir='ltr'>ergo</span> <span class='ocrx_word' id='word_1_198' title='bbox 733 3161 857 3256; x_wconf 90' lang='lat' dir='ltr'>Jahei,</span> <span class='ocrx_word' id='word_1_199' title='bbox 882 3161 918 3234; x_wconf 91' lang='lat' dir='ltr'>id</span> <span class='ocrx_word' id='word_1_200' title='bbox 937 3160 1007 3252; x_wconf 87' lang='lat' dir='ltr'>est,</span> <span class='ocrx_word' id='word_1_201' title='bbox 1033 3157 1213 3249; x_wconf 83' lang='lat' dir='ltr'>Ecclesra,</span> <span class='ocrx_word' id='word_1_202' title='bbox 1237 3159 1296 3230; x_wconf 90' lang='lat' dir='ltr'>vi·</span> 
     </span>
     <span class='ocr_line' id='line_1_29' title="bbox 233 3257 1305 3352; baseline 0.007 -22"><span class='ocrx_word' id='word_1_203' title='bbox 233 3257 370 3330; x_wconf 88' lang='lat' dir='ltr'>tiorum</span> <span class='ocrx_word' id='word_1_204' title='bbox 390 3260 586 3352; x_wconf 88' lang='lat' dir='ltr'>principem</span> <span class='ocrx_word' id='word_1_205' title='bbox 606 3258 751 3334; x_wconf 85' lang='lat' dir='ltr'>Sisaram</span> <span class='ocrx_word' id='word_1_206' title='bbox 769 3257 952 3333; x_wconf 71' lang='lat' dir='ltr'>obtectum</span> <span class='ocrx_word' id='word_1_207' title='bbox 969 3259 1142 3352; x_wconf 80' lang='lat' dir='ltr'>pellibus,</span> <span class='ocrx_word' id='word_1_208' title='bbox 1168 3259 1204 3330; x_wconf 91' lang='lat' dir='ltr'>id</span> <span class='ocrx_word' id='word_1_209' title='bbox 1221 3257 1305 3350; x_wconf 77' lang='lat' dir='ltr'>est,</span> 
     </span>
     <span class='ocr_line' id='line_1_30' title="bbox 233 3353 1297 3453; baseline -0.003 -21"><span class='ocrx_word' id='word_1_210' title='bbox 233 3358 480 3432; x_wconf 86' lang='lat' dir='ltr'>membrorum</span> <span class='ocrx_word' id='word_1_211' title='bbox 500 3353 782 3434; x_wconf 87' lang='lat' dir='ltr'>mortificatione</span> <span class='ocrx_word' id='word_1_212' title='bbox 808 3357 993 3453; x_wconf 87' lang='lat' dir='ltr'>sopitum,</span> <span class='ocrx_word' id='word_1_213' title='bbox 1019 3357 1297 3431; x_wconf 84' lang='lat' dir='ltr'>aeterno-tradit</span> 
     </span>
     <span class='ocr_line' id='line_1_31' title="bbox 234 3450 1302 3555; baseline 0.002 -28"><span class='ocrx_word' id='word_1_214' title='bbox 234 3450 376 3529; x_wconf 89' lang='lat' dir='ltr'>somno.</span> <span class='ocrx_word' id='word_1_215' title='bbox 427 3454 598 3530; x_wconf 87' lang='lat' dir='ltr'>Occurrit</span> <span class='ocrx_word' id='word_1_216' title='bbox 613 3459 867 3555; x_wconf 85' lang='lat' dir='ltr'>tamenJahel,</span> <span class='ocrx_word' id='word_1_217' title='bbox 892 3458 929 3530; x_wconf 93' lang='lat' dir='ltr'>id</span> <span class='ocrx_word' id='word_1_218' title='bbox 945 3456 1017 3551; x_wconf 91' lang='lat' dir='ltr'>est,</span> <span class='ocrx_word' id='word_1_219' title='bbox 1043 3453 1199 3529; x_wconf 81' lang='lat' dir='ltr'>Edclesra</span> <span class='ocrx_word' id='word_1_220' title='bbox 1212 3452 1302 3549; x_wconf 80' lang='lat' dir='ltr'>post·</span> 
     </span>
     <span class='ocr_line' id='line_1_32' title="bbox 234 3550 1297 3650; baseline 0.001 -24"><span class='ocrx_word' id='word_1_221' title='bbox 234 3550 311 3626; x_wconf 89' lang='lat' dir='ltr'>hoc</span> <span class='ocrx_word' id='word_1_222' title='bbox 332 3551 367 3624; x_wconf 77' lang='lat' dir='ltr'>tr</span> <span class='ocrx_word' id='word_1_223' title='bbox 390 3555 503 3646; x_wconf 87' lang='lat' dir='ltr'>priori</span> <span class='ocrx_word' id='word_1_224' title='bbox 520 3558 662 3650; x_wconf 86' lang='lat' dir='ltr'>populo</span> <span class='ocrx_word' id='word_1_225' title='bbox 687 3555 870 3632; x_wconf 80' lang='lat' dir='ltr'>insectanti</span> <span class='ocrx_word' id='word_1_226' title='bbox 892 3554 1050 3648; x_wconf 88' lang='lat' dir='ltr'>Sisaram.</span> <span class='ocrx_word' id='word_1_227' title='bbox 1100 3553 1297 3648; x_wconf 77' lang='lat' dir='ltr'>Insedtaba·</span> 
     </span>
     <span class='ocr_line' id='line_1_33' title="bbox 224 3651 1331 3752; baseline -0.002 -27"><span class='ocrx_word' id='word_1_228' title='bbox 224 3663 297 3725; x_wconf 65' lang='grc' dir='ltr'>’ῑιπ</span> <span class='ocrx_word' id='word_1_229' title='bbox 315 3651 409 3726; x_wconf 88' lang='lat' dir='ltr'>enim</span> <span class='ocrx_word' id='word_1_230' title='bbox 427 3651 533 3728; x_wconf 92' lang='lat' dir='ltr'>Israel</span> <span class='ocrx_word' id='word_1_231' title='bbox 548 3656 662 3752; x_wconf 83' lang='lat' dir='ltr'>legem</span> <span class='ocrx_word' id='word_1_232' title='bbox 678 3655 842 3750; x_wconf 81' lang='lat' dir='ltr'>justitie,</span> <span class='ocrx_word' id='word_1_233' title='bbox 868 3651 927 3729; x_wconf 89' lang='lat' dir='ltr'>sed</span> <span class='ocrx_word' id='word_1_234' title='bbox 947 3653 988 3729; x_wconf 79' lang='lat' dir='ltr'>in&#39;</span> <span class='ocrx_word' id='word_1_235' title='bbox 997 3655 1111 3751; x_wconf 84' lang='lat' dir='ltr'>legem</span> <span class='ocrx_word' id='word_1_236' title='bbox 1125 3675 1201 3728; x_wconf 91' lang='lat' dir='ltr'>non</span> <span class='ocrx_word' id='word_1_237' title='bbox 1214 3672 1296 3747; x_wconf 83' lang='lat' dir='ltr'>per·</span> <span class='ocrx_word' id='word_1_238' title='bbox 1329 3690 1331 3695; x_wconf 94' lang='lat'>·</span> 
     </span>
     <span class='ocr_line' id='line_1_34' title="bbox 236 3749 1298 3851; baseline 0.004 -30"><span class='ocrx_word' id='word_1_239' title='bbox 236 3749 352 3834; x_wconf 77' lang='lat' dir='ltr'>uenit.</span> <span class='ocrx_word' id='word_1_240' title='bbox 403 3749 575 3827; x_wconf 90' lang='lat' dir='ltr'>Occurrit</span> <span class='ocrx_word' id='word_1_241' title='bbox 588 3777 675 3851; x_wconf 88' lang='lat' dir='ltr'>ergo</span> <span class='ocrx_word' id='word_1_242' title='bbox 695 3753 853 3829; x_wconf 78' lang='lat' dir='ltr'>Ecerefia</span> <span class='ocrx_word' id='word_1_243' title='bbox 866 3754 1066 3846; x_wconf 74' lang='lat' dir='ltr'>etiam‘ipsr,</span> <span class='ocrx_word' id='word_1_244' title='bbox 1091 3751 1298 3826; x_wconf 83' lang='lat' dir='ltr'>&amp;ostendit</span> 
     </span>
     <span class='ocr_line' id='line_1_35' title="bbox 237 3847 1298 3945; baseline 0.001 -23"><span class='ocrx_word' id='word_1_245' title='bbox 237 3848 272 3922; x_wconf 87' lang='lat' dir='ltr'>ei</span> <span class='ocrx_word' id='word_1_246' title='bbox 291 3868 382 3940; x_wconf 79' lang='lat' dir='ltr'>opus</span> <span class='ocrx_word' id='word_1_247' title='bbox 396 3847 517 3944; x_wconf 91' lang='lat' dir='ltr'>suum,</span> <span class='ocrx_word' id='word_1_248' title='bbox 547 3853 702 3928; x_wconf 88' lang='lat' dir='ltr'>ostendit</span> <span class='ocrx_word' id='word_1_249' title='bbox 715 3851 903 3927; x_wconf 74' lang='lat' dir='ltr'>victoriam</span> <span class='ocrx_word' id='word_1_250' title='bbox 919 3851 1216 3945; x_wconf 83' lang='lat' dir='ltr'>consummatam,</span> <span class='ocrx_word' id='word_1_251' title='bbox 1244 3863 1298 3923; x_wconf 88' lang='lat' dir='ltr'>at·</span> 
     </span>
     <span class='ocr_line' id='line_1_36' title="bbox 239 3947 1299 4048; baseline 0.007 -31"><span class='ocrx_word' id='word_1_252' title='bbox 239 3965 309 4038; x_wconf 86' lang='lat' dir='ltr'>que</span> <span class='ocrx_word' id='word_1_253' title='bbox 328 3947 365 4020; x_wconf 90' lang='lat' dir='ltr'>in</span> <span class='ocrx_word' id='word_1_254' title='bbox 383 3947 588 4026; x_wconf 87' lang='lat' dir='ltr'>societatem</span> <span class='ocrx_word' id='word_1_255' title='bbox 611 3971 692 4027; x_wconf 88' lang='lat' dir='ltr'>eum</span> <span class='ocrx_word' id='word_1_256' title='bbox 715 3951 879 4048; x_wconf 89' lang='lat' dir='ltr'>prostrati</span> <span class='ocrx_word' id='word_1_257' title='bbox 898 3951 1008 4025; x_wconf 89' lang='lat' dir='ltr'>hostis</span> <span class='ocrx_word' id='word_1_258' title='bbox 1026 3952 1168 4027; x_wconf 86' lang='lat' dir='ltr'>invitat.</span> <span class='ocrx_word' id='word_1_259' title='bbox 1218 3951 1299 4024; x_wconf 87' lang='lat' dir='ltr'>Ve-</span> 
     </span>
    </p>
   </div>
   <div class='ocr_carea' id='block_1_3' title="bbox 237 4045 1295 4246">
    <p class='ocr_par' dir='ltr' id='par_1_3' title="bbox 237 4045 1295 4246">
     <span class='ocr_line' id='line_1_37' title="bbox 237 4045 1295 4223; baseline 0.006 -104"><span class='ocrx_word' id='word_1_260' title='bbox 237 4064 318 4127; x_wconf 84' lang='lat' dir='ltr'>ruru</span> <span class='ocrx_word' id='word_1_261' title='bbox 342 4045 394 4123; x_wconf 90' lang='lat' dir='ltr'>est</span> <span class='ocrx_word' id='word_1_262' title='bbox 416 4052 510 4126; x_wconf 87' lang='lat' dir='ltr'>enirn</span> <span class='ocrx_word' id='word_1_263' title='bbox 535 4052 643 4148; x_wconf 86' lang='lat' dir='ltr'>illud,</span> <span class='ocrx_word' id='word_1_264' title='bbox 678 4052 778 4148; x_wconf 88' lang='lat' dir='ltr'>quod</span> <span class='ocrx_word' id='word_1_265' title='bbox 804 4048 1003 4150; x_wconf 81' lang='lat' dir='ltr'>Apostolus</span> <span class='ocrx_word' id='word_1_266' title='bbox 1033 4049 1073 4126; x_wconf 88' lang='lat' dir='ltr'>in</span> <span class='ocrx_word' id='word_1_267' title='bbox 1104 4049 1295 4223; x_wconf 64' lang='lat' dir='ltr'>povissimo</span> 
     </span>
     <span class='ocr_line' id='line_1_38' title="bbox 961 4169 1294 4246; baseline 0.006 -20"><span class='ocrx_word' id='word_1_268' title='bbox 961 4171 963 4175; x_wconf 88' lang='lat'>·</span> <span class='ocrx_word' id='word_1_269' title='bbox 1123 4169 1246 4246; x_wconf 87' lang='lat' dir='ltr'>empo·</span> <span class='ocrx_word' id='word_1_270' title='bbox 1292 4224 1294 4228; x_wconf 82' lang='lat'><em>.</em></span> 
     </span>
    </p>
   </div>
   <div class='ocr_carea' id='block_1_4' title="bbox 0 0 1550 4875">
    <p class='ocr_par' dir='ltr' id='par_1_4' title="bbox 0 0 1550 4875">
     <span class='ocr_line' id='line_1_39' title="bbox 0 0 1550 4875; baseline 0 0"><span class='ocrx_word' id='word_1_271' title='bbox 0 0 1550 4875; x_wconf 95' lang='lat' dir='ltr'> </span> 
     </span>
    </p>
   </div>
  </div>
 </body>
</html>
