3075 4875
215 991 233 1036 l.

215 1641 226 1766 l

279 377 285 384 ·
427 331 494 482 rn
515 335 625 454 tm.
649 367 945 502 Juorcum
970 365 1120 458 uon
1145 379 1195 461 v.
1282 408 1327 484 33

263 533 355 612 Sine
379 537 491 614 dubio
515 529 608 613 enim
628 539 778 632 requirit
804 523 1028 635 auditorem,
1062 544 1229 636 quoniam
1251 547 1328 640 qui·

262 639 351 711 dem
373 636 547 713 sententia
569 638 620 712 est
649 638 802 733 apostoli
822 638 943 730 Pauli,
970 663 1046 732 quae
1068 641 1177 717 dicit:
1200 648 1327 719 'Omnis

255 739 425 836 scriptura
442 741 606 811 divinitus
621 739 780 837 inspiratu
797 741 890 811 utilis
905 741 945 837 epi
959 745 999 811 ud
1013 742 1192 830 ruendum,
1216 747 1259 817 od
1273 753 1326 818 irt-

259 839 475 934 crepandum,
500 836 747 926 addossrinam3
773 863 840 937 qua
855 840 894 937 ιβ
907 848 945 912 in
959 841 1103 938 justitia.
1155 842 1253 937 Quid
1269 866 1323 919 er·

262 958 313 1034 go.
335 936 467 1012 habeat
492 940 529 1011 in
550 935 621 1013 sese
640 935 704 1012 ista
726 937 919 1033 scriptura,
946 960 1049 1031 quam
1069 939 1141 1014 fine
1159 943 1270 1016 dubio
1287 945 1324 1019 u

259 1035 370 1133 ipsam
392 1034 597 1130 ¹inspiratam
618 1038 790 1122 divinitus
812 1037 1058 1133 confitemur,
1092 1041 1192 1132 quod
1212 1046 1321 1118 nobis

262 1136 305 1209 ad
323 1134 523 1211 dostrinarn
543 1137 674 1232 cedat,
701 1138 800 1232 quod
820 1140 863 1210 nd
887 1140 1193 1234 increpationem,
1221 1142 1322 1234 quod

261 1234 303 1308 ad
321 1232 561 1330 disciplinam,
588 1237 686 1329 quod
703 1234 953 1331 adjustitiam,
980 1239 1184 1337 diligentius
1202 1240 1253 1314 est
1267 1243 1322 1318 in·

260 1333 483 1427 quirendum.
535 1335 633 1435 Quid
651 1338 744 1411 enirn
766 1339 872 1410 nobis
897 1359 942 1411 ex
961 1338 1034 1412 hoc
1054 1338 1268 1433 confertur,
1292 1340 1321 1417 sr

260 1435 418 1531 legamus
429 1435 525 1532 hoc,
551 1434 649 1528 quod
664 1439 851 1512 recitatum
872 1437 943 1528 est,
966 1436 1091 1527 idest,
1119 1438 1218 1531 quod
1234 1442 1321 1513 Del·

259 1532 351 1621 bora,
375 1533 512 1628 inquit,
538 1538 650 1606 multer
669 1534 884 1636 prophetiffit,
910 1537 1225 1636 uxor‘Lopsridoth,
1252 1541 1319 1637 ipsa

253 1633 419 1730 judicabat
431 1634 528 1723 lsrael
543 1630 593 1708 islo
606 1652 756 1732 tempore,
784 1634 821 1712 si
839 1635 923 1734 ipse,
947 1636 1086 1730 inquit,
1114 1636 1257 1711 Debbora
1269 1643 1319 1730 se·

257 1732 347 1814 debut
354 1731 418 1820 sub
431 1734 538 1828 palma
555 1740 642 1806 inter
659 1738 792 1807 medium
809 1740 931 1824 Roma,
957 1736 995 1812 si
1006 1744 1094 1808 inter
1107 1740 1241 1808 medium
1254 1742 1318 1812 Be·

257 1833 326 1905 rtet
333 1884 347 1921 ,
372 1836 412 1902 in
428 1851 535 1905 monte
555 1834 697 1928 Esdram,
724 1834 763 1912 σ
778 1835 980 1918 ascendebant
997 1838 1038 1906 ad
1048 1836 1189 1925 eamfllii
1201 1838 1315 1929 Israd,

258 1947 295 2003 st
309 1927 556 2028 judicarentur?
579 1931 675 2007 Tum
696 1934 826 2009 deinde
848 1936 931 2025 quid
950 1935 1055 2007 nobis
1078 1933 1315 2033 eruditionis,

258 2044 320 2103 aut
335 2029 527 2121 doetrinae,
555 2031 617 2105 aut‘
627 2031 762 2106 'ustitiae
773 2058 815 2108 ea
829 2034 1044 2125 conferunt,
1071 2054 1148 2126 quae
1163 2033 1316 2124 sequun.

256 2141 341 2224 tur,
365 2132 428 2206 vel
445 2131 491 2204 de
510 2056 674 2224 Barros,
700 2136 762 2208 vel
782 2135 826 2208 de
843 2133 966 2228 Jahel,
992 2134 1053 2206 vel
1072 2132 1178 2206 etiam
1190 2132 1244 2208 'de
1262 2134 1314 2238 Sl·
1380 2178 1384 2190 x

255 2227 326 2303 sara
343 2229 439 2304 duce
453 2233 584 2304 militie
605 2230 740 2327 Jabin?

321 2351 358 2406 2.
384 2329 581 2413 Videamus
599 2351 707 2426 ergo,
732 2352 779 2405 ne
798 2330 896 2406 sorte
910 2350 974 2426 per
988 2329 1065 2404 haec
1086 2329 1230 2427 dignum
1251 2331 1314 2406 ali·

254 2425 361 2523 quid,
385 2427 478 2503 ficut
500 2429 533 2503 e
553 2428 733 2525 scripturis
760 2432 921 2522 caeteris,
950 2430 993 2504 de
1015 2430 1238 2506 sacramentis
1262 2429 1312 2505 se·

254 2529 468 2623 cretioribus
485 2529 690 2623 doceamur,
725 2530 845 2603 Primo
858 2529 1074 2622 hocipsum‚
1092 2531 1210 2622 quod,
1227 2551 1311 2607 cum
1391 2582 1395 2590 ι

252 2628 394 2720 plurimi
417 2629 554 2720 judices
582 2629 650 2700 viri
680 2630 718 2703 in
749 2628 852 2702 lsrael
884 2627 1311 2723 fulserefcruntrrr‚'de
1343 2646 1366 2665 ·'

252 2728 354 2800 nullo
376 2727 520 2801 illorum
537 2728 688 2817 dicitur,
716 2730 797 2821 quia
815 2728 996 2822 Propheta
1016 2729 1147 2822 fuerit,
1182 2729 1244 2803 nisr
1264 2729 1311 2804 de
1347 2729 1356 2746 ‘

252 2823 428 2899 Debbora
454 2829 612 2903 muliere.
663 2826 805 2901 Praestat
827 2828 915 2900 &in
937 2830 1010 2902 hoc
1033 2849 1107 2902 non
1130 2828 1310 2904 minimam

254 2923 539 2999 consolationem
556 2924 742 3002 mulierum
762 2927 859 3001 sexui
872 2928 977 3000 etiam
993 2929 1104 3020 prima
1115 2926 1217 3019 ipsros
1231 2928 1310 2999 lite·

252 3024 442 3116 resociet,
468 3021 700 3118 &provocat
717 3049 795 3117 eas,
820 3040 862 3098 ut
885 3046 1106 3116 nequaquam
1121 3037 1189 3119 pro
1211 3021 1309 3096 infir·

251 3124 374 3197 mitate
396 3122 498 3199 sexus
519 3124 731 3220 desperent,
759 3126 865 3199 etiam
887 3125 1086 3220 prophetie
1106 3125 1226 3220 gratiae
1250 3145 1309 3197 ca·

250 3243 354 3315 paces
370 3220 626 3317 sefieripolse‚
652 3222 711 3298 sed
725 3226 944 3321 intelligant,
972 3225 1181 3317 serenant,
1207 3221 1308 3317 quod

250 3337 406 3397 meretur
421 3323 514 3397 hanc
532 3324 678 3419 gratiam
695 3327 829 3420 puritas
849 3325 999 3415 mentis,
1026 3344 1104 3396 non
1121 3323 1306 3400 diversitas

248 3419 361 3498 senus.
411 3420 481 3496 Sed
501 3423 711 3515 videamus,
742 3425 825 3517 quid
844 3425 949 3497 etiam
970 3424 1151 3496 interioris
1175 3424 1306 3496 intelli·

226 3521 375 3616 .gentiae
398 3521 546 3615 respirat
571 3542 748 3599 arcanum.
806 3523 980 3596 Debbora
999 3523 1073 3616 apis
1092 3522 1305 3615 interpreta-

249 3632 307 3693 tur
321 3619 394 3695 srve
410 3622 566 3712 loquela.
612 3620 683 3694 Sed
696 3622 768 3713 jam
783 3620 816 3695 u
831 3624 867 3693 in
885 3620 1123 3714 superioribus
1136 3622 1304 3715 diximus,

249 3718 529 3812 quodDebbora
542 3721 579 3794 in
595 3720 793 3817 prophetie
804 3721 922 3796 forma
935 3719 1141 3815 accipienda
1152 3721 1207 3811 sit,
1225 3740 1305 3813 quoe

221 3898 223 3903 ,
249 3817 297 3892 est
315 3820 402 3913 apis.
457 3817 605 3894 Certum
621 3841 775 3912 namque
799 3819 872 3911 est,
898 3821 997 3912 quod
1017 3820 1131 3895 omnis
1146 3820 1302 3913 prophe·

220 3938 223 4017 j
248 3919 295 3991 tia
314 3917 441 3993 suaves
461 3917 609 3993 coelestis
639 3917 807 3993 dodrinae
831 3918 965 4012 savos,
992 3920 1025 3992 u
1048 3920 1164 3993 dulcia
1187 3916 1302 3994 divini

219 4020 239 4125 Γ
249 4018 380 4111 eloquii
398 4020 505 4094 mella
522 4033 749 4111 componat„
772 4008 882 4095 Unde
900 4019 1068 4096 &David
1086 4018 1236 4093 canebat
1249 4015 1303 4090 di..

219 4150 222 4253 p
295 4122 443 4227 origenis
472 4114 560 4235 Tan.
589 4120 671 4196 Vll.
870 4114 902 4201 C
1147 4135 1253 4192 cens:
