3075 4875
385 409 1094 508 suuncrnrnrsnumon.
1186 361 1265 528 ,391
1335 391 1346 414 ”

209 584 402 659 duodecim
415 584 606 681 Prophetis
622 587 659 661 in
673 585 928 663 huncmodum
941 585 1076 681 positus
1092 585 1159 665 est:
1171 592 1272 686 Quid

208 688 447 775 misericordiam
461 688 551 781 uolo,
577 686 616 765 o
625 688 903 780 nousacrificr'em:
919 688 1087 778 fiirutiam
1102 694 1168 763 Dei
1175 692 1267 791 plnr-

160 827 162 831 -
206 797 302 885 quam
319 786 499 885 hosoeaufla.
551 786 640 860 Haec
659 802 778 872 autem
796 787 841 862 de
863 784 1040 861 sacrificiis
1058 790 1173 887 legem
1193 789 1267 872 effe

209 888 322 959 docet
344 885 472 960 Paulus
498 887 647 963 dicens:
679 890 757 982 Qui·
770 888 941 984 temptari
967 883 1017 992 &1
1033 890 1148 983 umbra
1167 891 1268 981 deser.

207 992 311 1060 vium
334 986 506 1084 celestium.
553 984 599 1060 Ei
616 999 726 1085 ergo,
755 987 815 1079 qui
834 989 931 1082 leges
951 987 997 1060 de
1016 985 1193 1063 sacrificiis
1216 990 1275 1065 le··

209 1087 283 1183 git,
309 1088 414 1160 enixe
427 1085 659 1161 laborandum
676 1085 750 1179 est,
774 1096 889 1160 utea's
901 1097 1059 1179 utroque
1074 1088 1187 1162 modo
1206 1111 1270 1164 ex·

208 1186 344 1278 plicet,
372 1185 405 1259 δι
420 1199 568 1260 eastum
579 1185 683 1278 juxta
692 1182 900 1283 figuralem,
925 1199 1002 1260 tum
1013 1187 1117 1279 juxta
1128 1207 1273 1264 rocon·-

209 1284 379 1358 ditiorern
402 1284 435 1357 ἀ
455 1283 641 1378 mysticum
656 1283 793 1364 sensum
816 1284 1006 1380 expendat
1057 1286 1146 1361 Haec
1166 1308 1268 1364 com·

206 1383 344 1479 pendio
363 1405 382 1457 a
399 1385 506 1457 nobis
525 1382 716 1459 observata
736 1383 843 1476 sunt,
861 1385 1142 1478 ¹explanantibus
1158 1386 1266 1461 iilud.-

208 1484 395 1574 Socrificade
417 1484 607 1576 sacrificium
634 1485 788 1581 justitie,
815 1483 849 1556 ἂ
875 1482 1139 1577 consequenter
1151 1486 1264 1562 istud:
1360 1571 1362 1575 ,

206 1586 339 1679 sperare
362 1591 399 1652 in
427 1588 574 1655 nomino.
626 1582 757 1675 Neque
773 1581 1169 1659 enimconsentaneum
1192 1584 1283 1678 est,

206 1697 249 1754 ut
266 1683 343 1773 quis
365 1680 502 1775 speret,
529 1694 717 1773 antequam
737 1680 835 1776 juste.
854 1695 953 1779 agat:
979 1685 1013 1758 ei
1033 1696 1175 1777 autem,
1203 1685 1267 1776 qui

203 1780 298 1874 juste
319 1782 411 1876 agit,
438 1781 524 1856 licet
547 1779 774 1856 confidenter
787 1777 949 1875 sperare,
976 1781 1177 1857 &Domini
1198 1784 1272 1861 bo·.

206 1902 254 1954 na
275 1877 488 1973 exspediare,
536 1879 625 1977 Spes
643 1884 737 1967 enim
760 1878 812 1954 est
830 1881 1013 1967 bonorum
1035 1879 1268 1975 errspediatio.¹

209 1980 392 2154 quoniam
408 2001 500 2054 vero
514 2001 534 2052 a
546 1980 667 2055 multis
683 1981 791 2070 queri
808 1977 922 2072 solet,
948 2000 1035 2055 num
1050 1982 1107 2053 vir
1126 1982 1295 2076 probum·
1391 2059 1395 2066 ,

208 2078 340 2171 aiquid
354 2076 599 2181 speret„‚cum
613 2082 672 2152 vir
685 2077 864 2172 persedens
881 2079 1027 2153 virtutis
1041 2080 1184 2173 praemia
1193 2080 1270 2173 jam
1305 2093 1312 2099 '

207 2179 413 2270 receperit,
438 2199 507 2252 nec
532 2177 605 2252 ulla
626 2199 666 2254 re
687 2178 869 2274 indigeat,
896 2198 938 2250 ac
961 2187 1157 2273 propterea
1178 2169 1270 2254 nihil

209 2274 348 2370 speret,
376 2297 501 2351 eorum
515 2278 633 2370 enim,
661 2299 738 2370 quae
754 2275 899 2371 desunt,
926 2276 978 2350 est
990 2276 1088 2372 spes,
1115 2299 1271 2371 cumque

209 2378 356 2450 alterius
380 2377 423 2451 srt
445 2378 551 2465 bene¹
564 2376 723 2472 sperare,
758 2397 840 2452 nam
860 2375 986 2474 probis
1008 2375 1145 2473 semper
1170 2379 1272 2454 bona

210 2477 279 2549 alia
297 2497 342 2549 ex
366 2478 439 2550 aliis
462 2470 636 2552 continua
653 2477 742 2551 serie
761 2476 980 2572 succedunt,
1006 2498 1071 2575 age
1089 2496 1161 2551 nos
1179 2498 1271 2570 quo·

210 2578 300 2667 ques
304 2576 406 2676 juxta
432 2574 681 2671 scripturarum
697 2575 907 2651 sententiam
928 2576 973 2653 de
991 2576 1060 2652 hac
1076 2575 1272 2669 questione

208 2690 325 2768 pauca
347 2675 630 2774 perstringamus.
683 2674 874 2750 Clariisrme
892 2673 1000 2770 sane,
1025 2690 1068 2749 ut
1088 2675 1269 2770 speremus

209 2776 248 2847 in
272 2773 460 2866 Domino,
485 2775 582 2849 sacra
598 2794 668 2848 nos
690 2776 834 2865 eloquia
856 2773 1105 2849 adhortantur.
1135 2784 1141 2791 ’·
1154 2778 1271 2870 Sperat

210 2872 336 2963 enim,
370 2873 562 2966 inquiunt,
605 2873 701 2960 lsraei
738 2876 778 2942 in
818 2876 990 2946 Domino:
1031 2870 1109 2966 Et,
1146 2877 1271 2946 Domus

209 2971 312 3061 lsrael
325 2971 524 3066 speraverim
546 2973 703 3060 Domino,
727 2971 857 3068 adjutor
875 2992 980 3041 emm
997 2966 1036 3047 o
1045 2970 1204 3068 procur
1222 2996 1272 3045 er·

209 3095 283 3143 rum
300 3070 351 3167 esi.
401 3069 443 3144 In
457 3070 688 3166 nonagesimo
707 3084 826 3145 autem
846 3067 984 3151 Psalmo
1001 3089 1074 3143 una
1095 3091 1175 3146 cum
1193 3070 1272 3147 aliia

209 3169 499 3269 promistionibus
526 3167 688 3264 perferto
721 3170 804 3243 viro
827 3168 1091 3243 diciturillud:
1126 3172 1273 3262 Scapulis

205 3275 281 3364 suis
302 3270 499 3342 obumbrabit
521 3271 602 3359 ribi,
628 3270 667 3347 U
685 3269 747 3358 sub
760 3274 877 3367 pennis
900 3273 968 3368 ejus
985 3269 1145 3366 sperabis:
1172 3268 1272 3347 Scuto

174 3434 179 3439 .
209 3370 417 3442 circumdabit
441 3386 472 3441 re
494 3374 620 3443 veritas
645 3371 726 3468 ejus.
786 3366 916 3443 Paulus
945 3382 1092 3464 autern,
1128 3371 1166 3444 in
1193 3376 1271 3463 quo

209 3469 348 3566 pendet
359 3471 418 3561 lex
434 3469 468 3542 dc
482 3468 691 3564 Prophetae,
716 3470 850 3543 volens
868 3466 1077 3562 ostendere,
1104 3470 1215 3560 qualis
1228 3471 1273 3545 fit
1330 3499 1336 3522 1

212 3567 448 3665 (charitatem
470 3568 606 3668 dico,)
627 3570 698 3643 ait:
727 3570 882 3641 Charitas
900 3574 1008 3640 omnia
1021 3569 1140 3659 credit,
1164 3575 1272 3641 omnia

207 3668 334 3764 sperat,
361 3674 467 3741 omnia
478 3669 625 3764 sudines.
653 3670 804 3765 Cberiras
820 3691 987 3767 nunqum
1002 3669 1131 3742 excidit.
1157 3668 1272 3771 Quod

211 3769 237 3844 sr
261 3789 443 3860 nunquam
464 3769 631 3842 excidere
655 3767 805 3863 persedii
821 3769 892 3841 viri
910 3766 962 3841 est
986 3788 1099 3862 opus,
1131 3767 1232 3861 quod
1251 3788 1274 3842 a

213 3870 392 3943 charitate
417 3866 678 3963 proficiscitur,
704 3868 798 3941 iilius
821 3869 949 3963 etiam,
977 3868 1037 3959 qui
1054 3887 1093 3940 re
1113 3868 1273 3961 qualibet
1347 3954 1351 3963 Ι

217 3965 399 4042 laboriosa
425 3967 587 4061 superior
607 3966 691 4060 est,
729 3967 798 4038 erit
821 3970 942 4043 omnia
958 3980 1110 4060 propter
1136 3968 1273 4041 charita

209 4081 286 4145 tem
306 4065 496 4165 sustinere,
522 4067 697 4146 &omnia
712 4067 881 4241 οῶεάετο,
905 4068 1071 4144 mmuum
1085 4086 1162 4160 quae
1176 4064 1271 4239 {mn
1364 4108 1369 4119 ·

266 4190 273 4213 ·-
784 4188 805 4243 a
