3075 4875
290 395 342 516 34
456 465 459 470 .
537 363 1111 538 'orr'oou'rs

293 597 401 668 cenet
424 577 535 670 Quom
558 574 659 646 dulcia
675 571 824 668 faucibus
849 551 926 644 meis
943 549 1063 671 eloquio
1079 553 1158 664 ura,
1177 573 1275 674 firper
1291 576 1351 650 mei

291 677 332 756 σ
343 677 464 771 favum
481 684 529 748 ort·
544 699 619 749 meo.
668 674 719 746 Et
737 676 867 748 iterum
893 674 975 764 alibi
999 677 1105 767 dicit,
1128 677 1262 767 judicia
1279 676 1353 752 Dei

289 781 426 884 pretioso
444 773 514 851 ess'e
529 775 774 873 superaturum,
800 775 838 850 U
856 775 989 872 lapidem
1001 779 1172 873 pretiosum
1194 781 1353 868 mulum,

292 877 333 964 (5
349 877 486 952 dulciora
499 878 595 974 super
610 877 669 946 mel
686 879 725 951 U
740 874 872 967 favum.

370 999 401 1070 3.
427 975 498 1050 Sed
516 979 550 1052 &
568 975 656 1048 illud
668 974 952 1064 confideremus,
977 977 1038 1046 ubi
1053 972 1205 1047 relidere
1222 973 1354 1050 dicitur

293 1077 517 1176 prophetia,
553 1075 668 1148 &ubi
691 1077 795 1147 locus
818 1073 893 1166 ejus
921 1071 990 1147 eise
1010 1072 1231 1150 describitur.
1283 1075 1352 1148 Sui

288 1179 414 1282 palmo,
449 1176 584 1267 inquit,
621 1175 860 1246 intermedium
885 1177 1005 1262 Roma,
1039 1175 1077 1250 θ
1101 1177 1350 1248 intermedium

292 1277 417 1364 liuhai.
444 1273 516 1348 Sub
529 1276 643 1368 palma
656 1270 772 1347 sedem
788 1275 896 1348 habet
909 1274 1119 1367 prophetia,
1140 1275 1222 1366 quia
1231 1276 1350 1373 justus,

291 1373 410 1468 inquit
431 1373 574 1466 David,
592 1373 676 1469 ficut
695 1376 801 1470 palma
814 1372 959 1470 florebit,
986 1394 1049 1474 per
1070 1376 1142 1446 hoc
1160 1375 1260 1466 quod
1281 1373 1350 1450 suis

290 1465 1352 1649 ἓηῐὶίωῑίοηίδυεςτυᾴἰῑιῧῃΡιορὴεῑὲῗρρᾶἀυείῑΐεάὅεωαω

291 1592 451 1748 nugiggae
476 1587 1019 1765 iritcehthigisiumealu’tehilRanhri,
1033 1572 1180 1745 {ciritio
1193 1594 1353 1750 miiliitnni-

292 1767 422 1847 Bethel
442 1769 564 1845 sedere
585 1771 725 1847 dicitur.
776 1771 889 1848 Ratua
909 1772 1166 1866 interpretatur
1189 1773 1350 1870 excelsa,

291 1869 423 1952 Bethel
437 1872 563 1946 domus
579 1870 660 1946 Dei.
712 1871 867 1963 Videte,
892 1870 1072 1964 inquibus
1093 1872 1183 1943 locis
1198 1873 1350 1948 refidere

294 1969 426 2052 dicitur
451 1971 666 2064 prophetia,
702 1972 796 2044 inter
825 1968 989 2063 excelsa,
1028 1971 1234 2045 &domum
1265 1972 1348 2049 Dei.

292 2067 396 2146 Nihil
423 2073 516 2154 enim
536 2070 693 2161 humile,
724 2071 811 2142 nihil
833 2068 1033 2164 dejestum,
1059 2072 1148 2144 nihil
1170 2072 1245 2144 vile
1269 2093 1351 2170 erga¹

294 2161 496 2262 prophetiae
512 2167 626 2240 sedem
642 2169 792 2262 reperiri
807 2168 945 2264 potest:
970 2170 1059 2242 ficut
1069 2170 1103 2243 δι
1115 2169 1289 2245 Salomon
1301 2174 1351 2246 ni·

293 2266 684 2366 hilominussapieutiae
706 2265 822 2340 sedern
843 2266 1069 2364 describens,
1104 2269 1192 2342 dicit
1216 2271 1263 2345 de
1288 2293 1349 2365 ee,

295 2366 394 2457 quod
406 2367 467 2439 vel
480 2366 643 2459 inportis
662 2367 850 2453 civitatum
861 2367 1018 2463 adsistat,
1045 2370 1106 2442 vel
1117 2371 1152 2455 in
1166 2391 1350 2447 murorum

221 2486 224 2491 ·
294 2468 469 2545 moenibus
499 2468 665 2559 habitet,
698 2469 761 2541 vel
787 2468 824 2540 in
848 2469 925 2547 altis
947 2470 1103 2541 turribus
1124 2470 1238 2543 libere
1263 2486 1350 2568 agat.

293 2562 381 2641 Hoc
395 2586 482 2661 ergo
500 2566 612 2639 modo
628 2567 840 2661 prophetia,
868 2588 1048 2657 quaenunc
1060 2571 1096 2641 in
1110 2568 1349 2644 Debborade·

293 2662 479 2757 scribitur,
504 2666 600 2747 inter
619 2664 765 2740 domum
782 2666 872 2757 Dei,
900 2667 1046 2743 &inter
1068 2667 1206 2741 excelsa
1221 2670 1349 2743 dicitur
1383 2694 1393 2703 ·

292 2762 467 2849 habitere.
517 2763 606 2837 Non
633 2767 727 2839 enirn
746 2785 815 2839 nos
835 2766 969 2857 docet,
1000 2788 1076 2859 quae
1099 2765 1348 2859 superterram

293 2862 396 2955 sunt,
415 2882 594 2957 quaerere,
620 2859 679 2936 sed
703 2885 780 2957 quae
804 2865 841 2937 in
863 2866 959 2938 eoelis
979 2865 1059 2939 sunt
1075 2865 1109 2939 u
1128 2867 1163 2939 in
1189 2869 1348 2965 excelsis,

292 2964 349 3032 ubi
370 2963 513 3059 Christus
534 2961 573 3060 est
592 2965 630 3032 iu
645 2964 756 3045 dextro
775 2968 839 3035 Dei
850 2965 978 3054 sedens:
1003 2966 1087 3038 illuc
1108 2985 1177 3038 nos
1196 2970 1350 3061 prophe·

293 3064 344 3139 tia
362 3062 528 3143 hortatur
548 3059 760 3158 ascendere,
794 3063 880 3137 illuc
903 3061 1094 3161 discipulos
1120 3068 1269 3169 molitur
1289 3069 1349 3141 im·

239 3178 244 3187 '
320 3180 443 3239 onere.

292 3181 316 3261 p
368 3283 403 3347 4.
429 3257 517 3331 Haec
545 3277 632 3353 ergo
655 3258 981 3353 primoomnium,
1013 3261 1153 3356 inquit,
1185 3266 1287 3361 mpii,
1313 3262 1350 3343 θ

291 3358 473 3441 vocavitur
483 3356 518 3445 se
532 3358 669 3437 Barach.
718 3357 853 3447 Barach
867 3360 1123 3453 interpretatur
1134 3363 1348 3443 coruscatio.

293 3452 507 3537 Coruscatio
527 3475 618 3539 vero
637 3454 710 3548 est,
737 3480 815 3549 quae
834 3458 944 3533 habet
963 3462 1103 3555 quidem
1122 3462 1265 3555 lucem,
1291 3462 1362 3540 sed.

291 3575 369 3629 non
388 3555 600 3643 manentem.
628 3551 888 3631 Admodicum
900 3559 994 3643 enim
1008 3561 1181 3652 temporis
1197 3562 1349 3655 resplen-

292 3652 375 3744 det,
402 3651 436 3725 &
460 3652 593 3739 definit.
652 3654 724 3727 Hic
742 3676 830 3753 ergo
853 3654 989 3743 Barach
1010 3659 1094 3732 mihi
1112 3660 1259 3733 videtur
1276 3662 1349 3734 fot·

291 3772 384 3829 marn
407 3771 531 3847 gerere
554 3755 682 3847 populi¹
700 3755 858 3849 prioris,
884 3758 943 3848 qui
965 3759 1084 3849 primo
1107 3762 1267 3835 omnium
1285 3778 1349 3854 per

292 3851 517 3945 prophetiam
535 3867 688 3941 vocatur
706 3852 779 3945 est,
806 3853 1077 3931 &invitaturad
1089 3859 1263 3933 audienda
1275 3862 1349 3946 elo·

300 3948 303 3953 '
340 3951 372 4022 ia
393 3949 490 4038 Dei,
517 3951 699 4041 &divine
722 3954 808 4053 legis
831 3974 978 4027 munera
1000 3957 1192 4057 capienda,
1219 3960 1279 4051 qui
1294 3981 1349 4035 re·

289 3970 384 4127 guiso
404 4050 566 4154 quidem,
593 4050 627 4124 &
644 4052 688 4125 ad
709 4053 797 4149 legis
814 4049 1042 4146 splendorem
1064 4056 1109 4136 ad
1126 4059 1241 4134 breve
1260 4072 1348 4143 tem·

1225 4178 1294 4255 pus
