3075 4875
205 423 209 430 ’
382 471 449 551 ru
472 469 584 553 rra.
605 453 842 590 irruunt.
867 423 1017 554 raom,
1042 471 1098 553 m
1160 425 1266 581 Fra

187 647 307 727 quam
323 631 476 710 demoni
490 634 635 712 similem
648 636 849 730 potentiam
863 633 1072 713 concedam.
1097 632 1192 713 Nam
1204 636 1267 716 Sa·

190 736 298 810 muel
309 734 354 807 de
365 735 484 828 Saule,
502 737 537 808 dt
552 715 692 830 phpulo
706 736 791 829 Dei,
813 736 1122 833 &reguoDavid
1140 738 1265 815 David

189 831 338 910 scilicet
355 851 585 930 regnaturum
603 835 832 912 vaticinatur.
859 836 1169 935 Quicontrarium
1189 835 1266 913 sen·

193 933 321 1026 aiunt,
347 936 564 1028 veritatem,
590 955 669 1027 que
682 934 719 1012 in
734 949 780 1010 eo
796 938 883 1008 loco
901 934 973 1028 est,
1000 932 1215 1022 confirmare
1228 939 1266 1016 se'

192 1053 280 1108 mon
295 1031 396 1126 polle
418 1035 715 1109 animadvertent.
764 1035 835 1109 Sed
854 1054 1004 1127 quanam
1025 1034 1168 1109 ratione
1189 1031 1266 1110 san·
1372 1053 1374 1058 ’

195 1131 278 1232 diua
293 1151 364 1225 pro
378 1128 490 1208 salute
505 1134 596 1208 male
610 1134 645 1208 se
659 1133 891 1228 habentium,
916 1135 1092 1209 inlocum
1110 1135 1172 1209 ubi
1183 1153 1266 1231 per·

192 1244 347 1309 manent
364 1230 568 1307 deveniet?
594 1232 635 1308 ln
650 1237 734 1307 loca
752 1235 904 1310 militum
921 1235 1171 1331 aegrotmtium
1191 1255 1266 1310 me·
1328 1261 1330 1266 ·

194 1331 273 1406 dici
294 1330 445 1428 greiltun
468 1333 642 1431 dirigant:
673 1335 859 1407 introeant
881 1334 943 1408 ubi
969 1332 1080 1416 loetor
1102 1337 1270 1412 ulcerum·

191 1450 330 1508 corum
344 1434 435 1507 male
450 1433 538 1507 olet.
590 1433 676 1506 Hoc
692 1427 848 1531 suggerit
863 1430 1087 1510 medicorum
1102 1434 1138 1507 in
1150 1434 1272 1515 homi,

192 1549 265 1610 mes
283 1550 395 1605 amor.
446 1531 506 1607 Sic
524 1530 808 1625 &Propheticur
825 1532 939 1611 sermo
953 1532 1134 1607 Salvatori
1149 1530 1268 1630 suasu,
1360 1540 1363 1547 “

194 1646 246 1704 ·ut
258 1652 313 1708 eo
335 1630 507 1725 veniret,
544 1629 848 1725 descenderetque
866 1631 904 1705 in
923 1630 1114 1707 infernum.
1172 1631 1268 1708 lllud

194 1729 288 1810 item
307 1730 468 1803 orationi
491 1730 708 1807 addendum:
733 1731 874 1808 Samuel
891 1727 1075 1824 Propheta
1087 1731 1177 1825 sirit,
1202 1752 1268 1830 eo-

196 1850 273 1922 que
291 1843 441 1904 mortuo
458 1831 650 1925 prophetia
665 1833 709 1906 ab
730 1832 795 1906 illo
812 1826 969 1908 discedit.
1018 1829 1158 1904 Annon
1176 1850 1267 1906 vera
1365 1839 1370 1849 “

195 1929 292 2003 dicit
311 1925 545 2023 Apostolus?
581 1932 665 2028 Jam
683 1930 833 2029 propheto
852 1955 891 2002 ex
909 1948 1025 2028 parre,
1055 1928 1268 2028 &exparte

197 2026 358 2124 ,togatoscor
384 2053 453 2099 tum
463 2056 537 2101 utro
547 2034 773 2122 consummatio
786 2038 936 2123 venerit,
950 2033 1116 2130 tumquod
1129 2054 1168 2101 tx
1174 2047 1269 2127 porte

198 2130 260 2228 ap,
286 2136 384 2200 eriam
405 2135 622 2203 evacuabitur.
675 2127 945 2205 Consummatio
965 2129 1087 2223 itaque
1100 2127 1182 2224 post
1202 2132 1269 2221 hu·
1380 2211 1383 2216 ,

196 2226 258 2323 dua
277 2229 363 2302 viter
383 2222 492 2304 finem
511 2227 573 2306 est.
625 2227 674 2304 Et
695 2229 865 2323 quicquid
881 2226 985 2303 isaias
1001 2230 1281 2324 prophetavit,

196 2347 250 2402 err
265 2340 368 2422 parte
386 2348 467 2402 cum
483 2329 583 2404 omni
595 2330 763 2405 libertate
778 2328 994 2404 vaticinatur
1006 2326 1078 2423 est,
1104 2327 1270 2405 testatur·

205 2450 274 2522 que
290 2426 342 2502 est
357 2426 433 2502 haec
451 2426 571 2503 omnia
590 2430 635 2504 de
650 2428 851 2533 prophetie
871 2425 1178 2505 consummatione
1194 2428 1271 2504 Da·
1300 2499 1306 2508 .

205 2528 287 2602 vida
312 2545 389 2600 nou
409 2527 549 2624 recepit
561 2531 668 2626 igitur
684 2528 833 2627 gratiam
849 2526 1097 2624 propheticam
1113 2531 1269 2606 Samuel.

198 2625 259 2703 At
272 2623 474 2701 intelledus
485 2649 585 2721 meus
601 2629 673 2704 srne
686 2628 802 2703 frudiu
814 2630 887 2704 est:
914 2630 1059 2721 &quod
1073 2625 1283 2711 Ecclesiam·
1312 2661 1326 2671 -
1362 2637 1365 2652 '

197 2721 381 2819 acdificat,
408 2724 467 2819 qui
484 2728 604 2824 lingua
617 2726 790 2821 loquitur.
817 2724 1008 2803 EtPaulus
1021 2725 1269 2823 ipseadirmat,

198 2828 483 2923 prophetantem
502 2825 696 2903 Ecclesiam
713 2821 890 2909 adificare
910 2829 963 2902 his
986 2826 1111 2903 iisdem
1134 2827 1268 2903 verbis.

208 2925 326 3001 Porro
346 2924 372 3000 li
392 2927 614 3020 prophetans
632 2925 827 3003 Eccledam
847 2921 1017 3012 aedificat,
1049 2926 1173 3020 utique
1191 2944 1270 3022 gra·

209 3026 293 3101 tiam
312 3026 563 3120 propheticam
584 3020 723 3122 habet,
757 3046 876 3118 neque
896 3025 990 3101 enim
1008 3023 1114 3119 ipsam
1136 3026 1269 3119 amisit,

200 3125 268 3201 nist
288 3127 511 3218 peccaverit.
561 3123 668 3201 Solus
696 3125 829 3220 quippe
850 3125 998 3222 gratiam
1019 3126 1270 3219 propheticam

209 3224 361 3317 amittit,
389 3224 471 3318 qui,
497 3226 684 3320 postquam
704 3224 954 3320 prophetarit,
979 3224 1124 3322 indigna
1135 3222 1271 3325 Spiritu
1294 3263 1297 3279 ·

200 3320 329 3407 ,sancio
353 3342 554 3434 operaturq
578 3326 628 3400 ita
645 3341 686 3400 ut
703 3325 815 3420 ipsum
833 3325 988 3419 spiritus
1016 3324 1180 3418 deserat,
1214 3323 1269 3397 fu·
1328 3412 1330 3419 Ι

201 3427 354 3522 piatque
370 3425 414 3497 ab
437 3424 514 3517 ejus
533 3426 695 3520 principe
719 3426 843 3501 animae
864 3426 1042 3501 facultate.
1098 3424 1209 3523 Quod
1227 3425 1271 3497 ti·
1346 3523 1348 3526 y

208 3528 437 3601 nebattune
455 3521 537 3620 post
560 3539 748 3620 peceatum
770 3524 914 3618 David,
947 3525 1183 3617 dicebatque:
1221 3523 1270 3596 Et

209 3626 371 3721 Spiritum
382 3622 528 3712 santium
544 3642 634 3699 luam
650 3622 837 3714 ’κακίονας
852 3650 873 3698 α
891 3648 947 3710 irre.
1001 3622 1127 3717 ltaque
1144 3621 1169 3698 st
1192 3621 1269 3718 spi·

200 3720 446 3799 nituasandua
464 3725 677 3820 prophetat:
701 3722 867 3800 cuinam?
892 3722 1069 3821 Angelis?
1092 3724 1160 3798 At:
1188 3727 1270 3797 Nu
1351 3724 1353 3729 ’

201 3847 282 3924 raptas
296 3825 337 3921 ιβ
352 3827 484 3898 medicus
502 3826 592 3911 bene,
611 3826 666 3916 sad
681 3829 761 3898 mele
773 3826 971 3898 rannerius.
1022 3824 1176 3924 Quinam
1193 3823 1269 3915 ejus

207 3924 438 4021 prophetiam
452 3923 663 4020 excipiunt?
692 3924 822 4025 Neque
838 3926 932 4000 enirn
946 3921 1073 3999 frustra
1089 3921 1140 3997 est
1157 3922 1270 4018 gratia

200 3998 454 4123 prophetica3
487 4046 605 4118 neque
625 4025 736 4101 ullum
757 4024 925 4102 charisma
946 4043 1099 4116 eorum,
1133 4043 1210 4112 quae
1231 4020 1270 4094 in

199 4123 331 4208 husto
357 4120 462 4257 litut,
498 4126 627 4207 frustra
648 4124 709 4309 eli}
727 4247 751 4308 2
770 4123 898 4217 Gratia
908 4126 1038 4224 ,itaque
1058 4119 1284 4303 9ἓᾷὶὲἒῦ
