3075 4875
379 440 448 567 in
473 436 584 566 nro.
607 453 903 588 Juorcu'u.
929 485 1080 566 uon.
1105 483 1167 614 ru.
1256 461 1333 589 59'
1374 557 1377 564 ,

231 654 360 751 galeam
375 653 497 746 salutis
516 657 668 748 accipite,
693 648 733 728 U
753 652 892 746 gladium
903 650 1065 746 spiritus:
1084 651 1304 747 superomnia

236 772 348 828 autem
363 760 487 843 scutum
494 754 574 844 fidei
594 755 756 845 astumite,
784 757 820 821 in
835 775 893 849 quo
911 746 1030 846 prffitis
1046 751 1153 847 jacula
1172 754 1305 847 maligni
1367 748 1378 776 ²

236 865 343 949 ignata
369 855 584 952 exstinguere,
609 853 663 942 sed
687 850 726 928 U
755 853 885 923 calceati
903 852 994 946 pedes
1019 856 1054 920 in
1076 859 1305 948 praeparatione

240 957 419 1048 Evangelii
443 958 554 1049 pacis:
589 951 723 1040 uhoc
752 952 866 1024 modo
893 966 1048 1023 armatos
1082 954 1213 1026 tollere
1242 976 1304 1026 ve-

235 1058 365 1130 xillum
391 1054 508 1127 crucis
535 1049 691 1139 Christi,
723 1050 756 1122 &
783 1049 878 1143 sequi
894 1073 998 1127 suni.
1049 1050 1156 1142 Licet
1183 1068 1304 1146 tamon
1360 1107 1366 1120 ,

236 1156 346 1228 etiam
365 1154 489 1226 hocin
508 1151 631 1222 militia
645 1148 793 1232 Christi,
819 1166 861 1223 ur
881 1151 904 1223 sr
922 1151 1021 1223 forte
1039 1151 1229 1242 aliquando
1248 1153 1304 1224 in·

236 1255 413 1329 seriorem
439 1267 477 1325 te
502 1252 637 1329 viribus
664 1240 810 1325 senseris
837 1253 873 1323 in
903 1249 1233 1344 persecutionibus,
1269 1252 1303 1324 u

234 1376 315 1429 non
343 1374 482 1443 aequum
500 1351 565 1422 tibi
590 1349 776 1423 adversum
804 1350 1050 1456 crudelitatem
1069 1354 1213 1444 tyranni
1239 1371 1304 1444 per

237 1453 477 1551 fragilitatem·
503 1452 669 1550 corporis
702 1451 836 1524 videris
872 1449 956 1523 effe·
975 1462 1184 1544 certarnen,
1219 1453 1304 1524 dara
1387 1469 1391 1476 ·

237 1556 362 1628 locum
388 1555 469 1643 ira,
502 1550 685 1646 &fugere
710 1548 867 1623 deloco
894 1550 938 1621 ad
962 1550 1107 1624 locum:
1142 1573 1212 1623 nec
1239 1554 1305 1623 tibi

238 1655 276 1727 in
316 1654 390 1725 hoc
424 1649 632 1723 adscribitur
666 1650 820 1724 militare
853 1648 1083 1725 consmiiiurn.
1136 1650 1304 1747 Defigna-

237 1768 299 1826 tur
324 1754 399 1825 hoc
423 1754 530 1825 etiam
561 1752 599 1822 in
634 1750 772 1844 legibus
806 1746 935 1822 Christi
966 1750 1141 1823 dicentis:
1181 1756 1221 1822 Si
1246 1776 1324 1830 vas„

237 1856 392 1952 persecuti
411 1850 548 1943 fuerint
573 1855 610 1919 iu
633 1852 690 1919 hac
710 1855 862 1938 ciuitate·²
888 1845 995 1943 fugite,
1016 1855 1054 1919 iu
1070 1853 1177 1920 aliam.
1204 1850 1303 1922 Sum-

240 1975 300 2026 nra
322 1950 553 2046 namquerei
579 1947 653 2031 est,
684 1948 830 2043 Jesum,
864 1969 968 2039 quern
994 1948 1099 2022 semei
1125 1948 1304 2022 confessus

243 2075 303 2144 es,
321 2072 398 2125 non
424 2055 569 2145 negara
614 2048 763 2122 Certum
784 2047 835 2121 est
861 2051 975 2139 enirn,
1001 2049 1099 2142 quod
1126 2048 1304 2124 Christum

241 2150 442 2224 confitetur
467 2150 549 2242 ille,
577 2150 636 2240 qui
661 2162 855 2243 propterea
880 2148 993 2244 fugit,
1019 2171 1066 2223 ne
1090 2164 1208 2247 neget.
1268 2149 1306 2221 Si

240 2254 321 2343 quis
348 2271 435 2346 ergo
461 2249 606 2323 timidus
642 2246 692 2321 est
718 2248 751 2319 δι
782 2246 1037 2322 formidolosus
1072 2253 1206 2341 corde,
1242 2244 1305 2321 dis·

238 2353 350 2423 'cedat
375 2372 395 2421 a
420 2347 562 2442 eastris,
586 2359 793 2421 revertatur
819 2348 965 2421 domum
991 2350 1105 2441 suam,
1127 2357 1173 2422 ne'
1187 2362 1305 2424 exem·

240 2455 342 2547 plum
374 2451 575 2523 timoris&
610 2448 812 2523 formidinis
832 2447 984 2522 taeteris
1016 2452 1184 2542 praeb'eat.
1235 2451 1305 2521 Vis

237 2560 363 2647 jaritem
388 2549 541 2643 videre,
578 2549 700 2641 quanti
733 2547 891 2629 criminis
914 2550 957 2623 fit
989 2549 1131 2623 timidus
1166 2550 1199 2622 dt
1231 2549 1306 2621 for-

238 2648 476 2728 'tnidoiosusi
510 2651 553 2725 ln
586 2647 836 2741 Apocalypsi,
873 2651 936 2719 ubi
974 2664 1228 2725 enumerantur
1254 2652 1304 2740 ii,

240 2750 306 2843 'qui
325 2749 364 2823 in
387 2747 546 2844 stagnum
572 2749 661 2845 ignis
686 2748 851 2819 mittendi
874 2749 974 2851 sunt,
1000 2750 1049 2821 ibi
1074 2766 1157 2821 ante
1179 2770 1304 2821 omnes

240 2848 391 2923 timidos
418 2851 451 2921 dr
477 2845 735 2922 formidolosos
760 2848 894 2941 ponit,
933 2870 1014 2925 cum
1041 2849 1167 2940 quibus
1194 2851 1228 2919 dr
1253 2851 1305 2939 inc
1380 2874 1382 2879 ·

239 2947 372 3024 'fideles
398 2947 698 3020 &fornicatores
724 2941 942 3027 &vinarios
968 2951 1127 3044 deputat.
1178 2946 1236 3020 Sic
1253 2942 1306 3019 in·

245 3064 303 3122 ter
330 3049 487 3142 ingentia
512 3048 546 3121 dr
568 3047 722 3119 nefanda
745 3046 892 3120 crimina
917 3052 1055 3128 timoris
1083 3047 1116 3119 ἃ
1147 3048 1307 3121 formidi-

245 3150 301 3231 nis
328 3147 464 3220 crim'en
489 3148 649 3241 ponitur.
710 3145 799 3218 Haec
825 3162 943 3224 autern
979 3150 1129 3223 diximus
1154 3161 1307 3239 propter

249 3269 343 3327 eos,
378 3246 437 3336 qui
463 3247 579 3342 primo
605 3246 709 3317 velut
733 3244 847 3333 timidi
878 3247 1170 3327 &formidaret
1195 3248 1308 3332 corde

249 3348 477 3423 dimittuntur
501 3348 545 3419 de
572 3344 704 3421 castris.

323 3571 357 3623 2.
382 3545 453 3632 Sed
473 3543 705 3638 ‘posteaquam
738 3545 802 3619 ista
836 3548 964 3646 viginti
998 3548 1071 3620 duo
1105 3549 1212 3622 millia
1245 3546 1308 3622 dis-
1339 3586 1341 3589 ·

251 3646 456 3739 cesserunt,
490 3645 587 3717 addit
612 3646 726 3718 adhuc
752 3645 867 3722 sermo
894 3649 1053 3735 divinus,
1087 3649 1121 3721 &
1151 3648 1239 3721 dicit
1265 3650 1309 3728 ad
1331 3662 1337 3681 ’·

253 3748 430 3822 Gedeon:
459 3746 594 3830 Adhuc,
625 3748 761 3839 inquit,
785 3749 916 3843 pupulus
948 3750 1068 3820 multus
1100 3750 1162 3844 esi,
1200 3736 1334 3845 depaua'

253 3875 297 3919 eos
321 3851 363 3920 ad
388 3870 521 3943 aquam,
548 3844 586 3920 (5
612 3845 653 3914 itt
675 3871 722 3916 eus
743 3848 870 3941 probabo
897 3849 966 3924 ribi.
1017 3849 1072 3921 Ut
1093 3849 1231 3942 uideo,
1259 3852 1309 3926 iiii

245 3950 308 4040 'qui
332 3947 438 4045 primi
463 3944 652 4036 reprobati
675 3943 783 4037 sunt,
815 3969 882 4019 nec
909 3949 945 4018 in
971 3968 1095 4037 aquarn
1121 3949 1309 4022 descende·

245 4058 347 4147 rant,
378 4045 440 4121 sed
476 4045 591 4117 adhuc
621 4043 657 4118 so
682 4047 962 4121 catechumenos
994 4047 1248 4144 designabant,
1277 4051 1311 4128 δι

1227 4151 1276 4226 'nr
