3075 4875
173 475 175 480 ’
279 491 327 573 34
422 570 468 596 ,Ι
545 437 1029 553 'baiarum‘
1124 477 1189 494 ··

275 637 478 716 ostenditur
494 634 696 712 consecrari
710 636 795 712 Deo
813 636 991 713 neminem
1004 633 1129 736 posse,
1143 636 1347 731 quietare

275 742 504 830 Iasle'alitur,
533 738 666 832 &puer
679 736 731 812 est
743 737 920 829 sensibus,
945 753 1054 830 atque
1067 761 1195 836 expers
1212 740 1264 813 est
1276 737 1347 818 ser·

277 841 396 916 monis
410 837 573 932 justitiae,
598 859 667 912 nec
686 836 920 912 sacerdotalia
941 838 1061 930 potest
1078 855 1276 933 procurare
1297 839 1347 914 sa·

278 953 481 1031 eramenta,
499 937 562 1011 nisi
579 935 717 1010 desistat
731 959 750 1010 a
766 936 976 1031 puerilibus,
996 937 1031 1038 bt
1047 939 1084 1028 in
1100 938 1212 1032 majus
1227 939 1348 1014 ascen·

278 1041 340 1114 dat
362 1042 405 1111 ab
427 1039 504 1132 his,
534 1039 662 1127 quibus
683 1034 883 1132 Apostolus
903 1035 991 1109 dicit
1004 1035 1020 1111 τ’
1048 1039 1219 1111 Laevum
1233 1055 1345 1135 porum

278 1142 368 1231 dedi,
395 1137 581 1227 narrassem.
615 1138 768 1215 Nondum
787 1141 873 1207 anim
887 1141 1056 1233 poteratis.
1089 1133 1267 1229 Alioquin
1295 1136 1345 1214 se·

268 1237 435 1331 ,cundum
451 1236 587 1311 literam
604 1237 688 1329 quid
706 1237 852 1309 videtur
868 1256 990 1328 operae
1005 1238 1134 1331 pretii,
1152 1238 1346 1332 puerulum

278 1355 394 1429 nuper
409 1358 428 1408 a
443 1336 533 1409 laste
551 1335 733 1430 depulsum
749 1336 834 1410 Deo
846 1333 992 1428 offerri,
1007 1337 1069 1410 ubi
1081 1345 1282 1411 nonmater
1294 1338 1348 1410 in·

279 1438 420 1526 tererit,
436 1455 511 1508 non
526 1436 685 1508 nutrices
699 1436 904 1529 fovebunt,
923 1441 1041 1530 neque
1056 1435 1232 1510 educandi
1244 1436 1347 1529 pueri

279 1536 432 1609 aderunt
444 1533 703 1608 ullasubndiat
724 1535 794 1609 Sed
808 1535 913 1627 vide,
939 1533 1211 1630 quiascripturae
1228 1533 1362 1610 sermo'

263 1635 329 1711 x'ita
344 1648 447 1728 aptus
462 1632 532 1727 est,
559 1646 601 1707 ut
615 1630 810 1731 figuraliter
827 1635 980 1728 doceat,
1003 1636 1102 1728 quod
1117 1634 1258 1727 omnis,
1284 1635 1347 1725 qui

170 1729 174 1737 “
278 1736 398 1831 primo
416 1734 460 1807 ad
474 1730 582 1808 fidem
603 1736 861 1816 convertitur,
886 1716 976 1807 lacle
998 1731 1127 1809 &non
1149 1737 1234 1808 cibo
1254 1733 1347 1808 forti

282 1837 412 1926 alitur,
433 1835 618 1926 dequibus
631 1833 669 1906 in
682 1836 797 1918 altero¹
811 1836 900 1907 loco
914 1833 1073 1908 dicitur:¹
1090 1832 1346 1933 Ercffesliepls,

255 1933 1346 2134 salamantinis,

230 2123 239 2144 ¹
283 2139 380 2209 enim.
411 2087 626 2227 Perfeborum
641 2133 680 2233 est
696 2118 782 2207 cibus
790 2135 910 2223 saliatu
921 2058 942 2222 ,j
950 2139 1009 2232 qui
1016 2087 1076 2233 pra
1085 2132 1348 2232 pofflbilitaresu·

281 2235 385 2306 mendi
400 2238 587 2332 exercitatus
600 2234 718 2305 habent
725 2233 836 2325 sensus
845 2236 886 2305 ad
901 2239 1114 2325 discretionem
1129 2238 1201 2306 loni
1214 2236 1347 2309 acmasr'.

282 2333 393 2430 Igitur
407 2332 620 2425 quicumque
636 2355 656 2405 a
672 2333 760 2407 laste
779 2333 940 2408 nondum
954 2334 1165 2429 depellitur,
1192 2332 1251 2407 sed
1269 2353 1347 2430 par·

241 2506 248 2522 ‚
277 2433 390 2506 vulus
407 2431 478 2524 est,
504 2453 579 2506 non
593 2431 713 2527 potest
728 2434 919 2508 ascendere
932 2433 976 2507 ad
989 2437 1160 2528 templum
1174 2432 1347 2528 Domini,

282 2553 361 2607 non
380 2530 500 2623 potest
517 2530 710 2607 ascendere
733 2533 777 2606 ad
797 2533 986 2607 ministeria
1002 2532 1250 2625 sacerdotum,
1276 2555 1347 2608 nec

282 2628 459 2725 sacrisiciis
471 2628 656 2724 interesse,
676 2632 735 2707 sed
750 2655 797 2707 ne
809 2647 923 2708 mater
935 2634 1076 2725 quidem
1088 2635 1162 2725 ejus
1174 2629 1345 2725 ascendit,

284 2747 366 2832 cum
385 2731 489 2825 polit
505 2730 705 2808 ascendere.
740 2731 865 2805 Gratia
880 2731 931 2806 est
945 2732 1039 2806 enim
1051 2748 1169 2827 mater,¹
1179 2732 1256 2823 ejus
1269 2728 1345 2808 An·

220 2885 223 2894 ,
283 2854 352 2925 na,
379 2829 605 2923 quaeservat,
632 2831 836 2910 &custodit
849 2852 949 2924 eum,
977 2830 1163 2905 &enutrit
1179 2848 1280 2923 eum,
1304 2844 1346 2905 ut

284 2945 452 3025 tempore
465 2946 678 3024 opportuno
692 2931 826 3026 pariter
840 2952 920 3005 cum
933 2932 1010 3025 ipso
1025 2931 1200 3007 ascendat.
1253 2934 1346 3030 Quae

268 3049 366 3105 'cum
384 3031 517 3105 viderit
533 3031 593 3124 ipsi
605 3030 718 3104 adesse
732 3044 894 3127 tempus,
908 3045 950 3103 ut
957 3031 1027 3122 jam
1040 3031 1213 3105 recedens
1226 3029 1347 3122 alasse

284 3130 404 3207 solidis
425 3130 458 3202 ἃ
479 3129 634 3215 fortibus
653 3131 741 3203 cibis
761 3144 906 3222 utatur,
931 3143 972 3203 ut
984 3131 1136 3224 possit&
1152 3128 1347 3203 sacerdoti·

283 3232 351 3304 bus
365 3226 552 3321 interula,
577 3229 668 3301 &de
686 3230 804 3302 altaris
817 3229 923 3329 edere
938 3227 1134 3321 sacrificiis,
1153 3243 1243 3302 tunc
1261 3250 1357 3314 eum,

284 3328 369 3403 Deo
394 3326 591 3401 consecrat.
642 3329 757 3421 Vide,
788 3328 813 3403 sa
835 3330 872 3404 in
896 3328 967 3403 allo
989 3331 1077 3403 luco
1101 3330 1138 3402 in
1164 3328 1345 3423 scripturis

284 3427 408 3501 sannis
433 3427 575 3500 invenis
605 3424 965 3526 significari-aliquem
993 3452 1013 3503 a
1037 3427 1126 3503 lasie
1150 3427 1345 3522 depulsum.

283 3522 366 3623 Ego
384 3540 525 3619 tamen,
552 3541 720 3620 quantum
744 3527 787 3601 ad
807 3526 960 3622 praesens
978 3529 1151 3605 memoria
1165 3527 1348 3624 suggerit,

284 3624 378 3701 Isaac
390 3626 557 3718 memini,
584 3627 629 3699 de
644 3647 717 3718 quo
736 3625 994 3721 scriptumest,
1016 3627 1113 3720 quod
1128 3629 1346 3704 convivium

285 3744 449 3821 magnum
470 3723 560 3797 serit
584 3725 765 3800 Abraham
787 3750 828 3800 ea
846 3728 923 3820 die,
950 3747 1019 3820 qua
1035 3749 1055 3800 a
1070 3726 1159 3803 laete
1180 3725 1345 3820 depulsus

285 3822 338 3899 est
352 3821 444 3899 Isaac
458 3818 551 3898 filius
565 3819 790 3919 strussssApud
806 3824 972 3901 homines
992 3826 1134 3919 quidem
1150 3826 1267 3901 saeculi
1281 3828 1363 3901 hu„

281 3926 340 4019 ius
366 3937 532 4016 parentes
558 3921 674 4008 solent
693 3927 819 3999 natalis
841 3926 933 3999 diem
959 3928 1142 4000 celebrare
1166 3921 1345 4002 filiorumr

284 4022 468 4098 Abraham
494 4044 586 4096 vero
607 4032 684 4096 nnn
708 4027 866 4098 celebrat
883 4027 1038 4099 natalem
1054 4027 1146 4099 diem
1163 4018 1261 4099 Isaac
1280 4021 1348 4100 filii

160 4169 162 4173 .
232 4191 235 4195 ,
282 4121 356 4222 sul,
381 4123 440 4200 sed
454 4125 553 4200 illum
568 4122 908 4237 diemsestumagit,
932 4124 1347 4220 &letitiedeputat,&

1170 4224 1300 4300 canui·
