3075 4875
281 497 288 520 χ
349 415 1044 503 sutncrnrnrsatutos.
1152 444 1224 523 349
1357 434 1359 441 '

159 580 375 681 potissimum
401 559 573 655 diceturr
586 584 799 677 'Sapientiam
821 598 928 652 autem
951 585 1111 679 loquimur
1133 591 1223 680 inter
1354 623 1358 636 ι

156 679 339 782 perfusos?
366 682 528 766 Larasa,
554 680 593 755 (5
610 683 775 754 exultabo:
802 679 978 755 sciscitans
1001 685 1045 758 ab
1068 684 1132 776 iis,
1159 685 1222 779 qui

159 784 197 855 in
210 781 612 873 quibusdamlaetantur,
638 802 722 855 num
740 782 778 853 in
795 778 880 854 Deo
893 783 1081 878 letentur,
1106 788 1221 861 utvel

156 882 194 958 in
210 882 333 953 letitia
346 878 403 952 sua
420 895 675 973 permaneant,
701 877 760 953 vel
782 882 825 952 ab
843 904 885 954 ea
901 876 1091 960 discedant.
1111 965 1113 970 ,
1143 888 1221 980 Qui

156 1001 249 1053 vero
276 978 433 1052 ascendit
453 982 490 1050 in
512 978 689 1054 excelsum
704 995 866 1054 montem
880 980 992 1078 Sion,
1018 983 1219 1060 &extollit

156 1101 289 1156 vocem
306 1075 422 1171 suam,
449 1077 563 1169 psallit
579 1079 717 1153 nomini
732 1078 890 1155 altiffimi.

233 1184 272 1250 su
298 1180 505 1249 convertendo
531 1181 697 1249 inimicum
723 1204 824 1249 meum
850 1181 1041 1266 retrorsum:
1068 1183 1217 1271 infirma·

156 1278 293 1365 buntur,
320 1276 358 1353 (5
370 1279 524 1373 peribunt
538 1278 652 1371 afucir
666 1296 741 1361 tuo,
757 1277 840 1371 dio]
867 1280 1023 1378 Quinam
1037 1278 1217 1355 infirmat]-
1325 1341 1330 1357 .

158 1380 192 1452 di
205 1379 292 1469 srnt,
318 1376 521 1469 &perituri
543 1397 562 1448 a
583 1378 675 1450 facie
700 1376 790 1471 Dei,
818 1375 1060 1473 (vultusenim
1080 1385 1216 1454 Domini

156 1478 243 1574 saper
252 1477 409 1569 faciemus
423 1477 507 1546 mala
515 1474 547 1573 ,)
575 1497 655 1554 curn
670 1498 747 1549 non
762 1477 987 1571 predixerit,
1012 1481 1119 1552 nobis
1134 1482 1216 1554 reli·
1286 1563 1289 1582 ι

156 1578 235 1670 quit
249 1575 553 1649 considerandum.
605 1578 763 1675 Quando
776 1577 915 1651 deletus
930 1576 1216 1654 fueritinimicus
1283 1649 1288 1666 ,

156 1678 191 1750 in
207 1677 338 1750 malitia
354 1677 578 1767 procedens,
605 1673 852 1749 &retrorsum
874 1676 1058 1770 reslierit,
1085 1699 1131 1751 ex
1150 1700 1214 1772 eo,

156 1776 254 1869 quod
268 1775 376 1847 fuerit
390 1774 602 1866 impeditus,
628 1774 725 1848 tunc‘
734 1775 790 1867 hi,
817 1775 876 1867 qui
892 1776 1025 1849 malitia
1039 1790 1213 1870 potentes

156 1889 276 1965 erant,
302 1870 586 1948 infirmabuntur.
637 1873 781 1948 Deinde
803 1872 995 1966 secundum
1012 1876 1110 1963 quod
1129 1893 1215 1968 pec·

156 1986 250 2065 rant,
265 1987 435 2066 pereunt,
454 1973 611 2045 faciente
625 1972 699 2047 hoc
712 1974 792 2067 ipsis
804 1972 898 2049 facie
910 1971 993 2049 Dei.
1017 1973 1106 2048 Haec
1117 1977 1214 2053 enirn

156 2073 302 2169 cognita
326 2074 450 2150 abolet
470 2088 622 2146 terrena

224 2172 334 2266 Sedr'flr'
358 2175 455 2264 super
487 2174 663 2253 thronum,
695 2177 750 2267 qui
769 2173 894 2269 judicas
914 2171 1092 2266 justum,
1126 2172 1211 2266 σα]

156 2271 326 2348 Thronus
346 2270 574 2363 quidem-Dei
590 2267 768 2359 Christus,
795 2268 924 2344 Christi
940 2291 1038 2344 vero
1056 2274 1211 2348 thronus

156 2372 203 2459 ,³st
217 2369 379 2466 spiritalis
394 2366 532 2447 natura.

229 2472 396 2568 increpasti
413 2486 545 2564 gentes,
571 2470 611 2548 σ
626 2474 724 2567 periit
741 2473 876 2566 impius:
899 2495 1012 2542 nomen
1035 2495 1141 2557 eorum
1161 2474 1214 2545 de·

156 2570 238 2671 bssi,
264 2570 353 2660 or]
398 2571 590 2664 Verbum,
606 2568 785 2667 increpasti,
807 2556 1069 2644 correctionem
1085 2570 1213 2667 signifi-

156 2683 231 2762 ζεῖ,
258 2685 299 2759 ut
316 2683 417 2765 patet
434 2693 479 2742 ex
492 2671 565 2744 his:
590 2674 715 2764 Argue,
741 2671 876 2758 obsecro,
904 2677 1040 2766 increpa.
1062 2676 1211 2743 -Nomen

156 2770 342 2889 wesdis·
393 2767 545 2843 Delevit
566 2769 668 2842 Deus
688 2788 824 2842 nomen
846 2770 982 2861 Abram,
1008 2768 1144 2842 faciens
1157 2773 1210 2866 ip·

156 2884 225 2946 utu
243 2870 425 2959 Abraham,
451 2869 505 2940 uti
525 2867 559 2940 &
580 2873 687 2954 Sara,
713 2888 852 2940 vocans
868 2865 975 2959 ipsam
990 2871 1137 2954 Sarma,
1162 2871 1210 2943 stc

156 2971 184 3044 lc
203 2973 362 3050 Simonis,
388 2967 576 3040 nominans
593 2964 704 3060 ipsum
726 2970 863 3039 Petrum.
914 2965 1037 3057 Atque
1056 2967 1106 3039 ita
1123 2989 1211 3041 con·

156 3069 299 3160 'equens
317 3066 544 3160 est,‚h0rum
568 3087 713 3158 quoque
734 3086 869 3138 nornen
887 3065 1019 3158 deleri,
1045 3087 1137 3157 quos
1157 3069 1210 3140 in-

156 3168 334 3261 :repavin
349 3163 629 3259 praesertirnquia
645 3164 880 3239 subinfertur:
898 3171 1209 3238 Annuntiarea'orer
1312 3193 1318 3197 ·

156 3287 256 3361 :entes
263 3268 369 3360 studia
384 3270 472 3363 ejus,
498 3270 644 3360 quoniam
661 3272 821 3361 requirens
835 3265 1023 3357 fimguinem
1038 3290 1142 3336 eorum
1160 3290 1211 3337 re-

156 3371 298 3463 urdarur
324 3367 380 3461 ess.»
426 3363 590 3436 Observa
614 3379 755 3457 autern,
773 3382 850 3436 non
871 3363 1001 3438 ditium
1027 3360 1119 3437 else:
1144 3387 1212 3440 no·

156 3488 231 3547 nen
258 3487 384 3539 eornm
403 3462 525 3536 delesti
550 3462 595 3536 de
619 3466 713 3537 libro
733 3463 964 3553 viventium,
992 3459 1209 3557 (nonenim

156 3591 182 3645 n
199 3568 297 3640 libro
313 3563 515 3637 viventium
531 3576 655 3658 gentes
671 3575 775 3636 erant
789 3561 947 3660 scriptae)
962 3560 1054 3635 seda
1071 3565 1214 3641 cautio.

156 3668 278 3756 tibus,
306 3685 390 3754 quas
407 3660 636 3756 scripserant,
662 3664 700 3735 in
725 3665 817 3735 libro
842 3648 1068 3754 debitorur'n,
1095 3662 1209 3734 vel-li·

156 3785 216 3840 tro
237 3778 466 3837 mortuorum
485 3759 578 3852 apud
592 3762 786 3852 iniquitatis
806 3780 1058 3851 oeconomurn,
1084 3763 1207 3852 qui,ut

156 3863 338 3945 rerifirnile
351 3862 415 3954 est,
429 3876 596 3934 mortuos
611 3857 744 3953 scribit,
760 3859 794 3932 tr
808 3860 847 3932 in
862 3875 958 3933 terra
969 3856 1098 3932 scribit.
1132 3857 1205 3931 Sal·

156 3978 258 4051 rator
274 3963 370 4038 enirn
388 3963 426 4036 in
445 3961 547 4033 coelie
561 3958 726 4034 describit
740 3960 888 4037 nomina
903 3957 1168 4054 discipulorum.

945 4138 955 4149 '¹
1048 4155 1157 4254 'Ejus-
