3075 4875
363 392 1097 564 'sorscrnrnlrsntuo's
1164 477 1169 486 ν
1206 448 1282 537 207
1336 423 1343 433 ·

213 604 455 680 Hodie-nucum
474 612 539 677 eris
564 616 600 677 in
625 606 766 696 paradiso
789 608 864 676 Dei.
916 601 1008 676 Illuc
1028 617 1147 676 autem
1165 601 1276 680 Hans·
1378 661 1380 668 -

210 709 419 801 plantatur,
446 721 488 778 ut
504 709 563 799 qui
582 707 676 804 digni
695 704 776 779 sunt
794 702 863 777 esse
879 724 961 777 cum
978 701 1141 796 Christo,
1162 703 1200 775 in
1219 723 1275 776 re·

210 827 291 879 rum
309 808 620 899 contemplatione
643 802 1056 899 secundumsapieutiam
1077 801 1147 876 Dei
1163 800 1280 897 profi-¹

209 910 351 978 cientes
376 910 419 979 ab
445 907 520 1000 ipso
543 907 762 1003 cognitionis
791 907 873 977 luce
894 902 1124 977 illustrentur.
1184 902 1274 977 Hac

209 1024 331 1078 autem
350 1006 397 1078 fic
412 1005 659 1099 exposuimus,
687 1006 786 1098 quod
801 1006 885 1091 serre
896 1006 1044 1097 seusium
1062 1004 1208 1095 proprie
1226 1005 1279 1078 de

209 1107 399 1178 arboribus
422 1106 580 1200 dicatur,
594 1109 679 1178 ‘dare
699 1120 818 1182 autem
838 1106 881 1177 ad
901 1100 1061 1177 animalia
1079 1105 1275 1176 rationabi-

209 1206 258 1277 lia
280 1206 389 1300 magis
414 1209 603 1300 pertineat.
654 1208 732 1303 Jam
755 1227 846 1278 vero
871 1205 1098 1297 quarendum
1120 1200 1192 1293 est,
1227 1225 1273 1280 an

208 1305 310 1399 ligno
336 1308 421 1379 vita
443 1320 583 1401 tempus
607 1308 650 1381 fit
670 1306 808 1380 ferendi
826 1303 982 1379 studius:
1015 1323 1097 1376 nam
1123 1299 1274 1382 asserere

208 1402 416 1498 sapientiam
437 1409 627 1498 aliquando
648 1407 782 1480 fructus
801 1427 875 1478 non
898 1406 1058 1498 habere,
1084 1400 1184 1478 nefas
1209 1408 1272 1488 est,¹
1321 1491 1324 1498 ¹

210 1506 337 1603 Quare
363 1526 439 1578 non
463 1506 592 1580 dissum
615 1507 688 1600 est,
706 1506 822 1597 ⁴quod
844 1504 996 1580 frustum
1019 1503 1118 1581 suum
1141 1505 1214 1582 fert
1235 1512 1273 1586 in
1371 1587 1373 1592 ,

210 1617 379 1695 tempore
401 1604 571 1697 su0,‘sed
592 1612 670 1701 quod
691 1606 840 1695 ,sruHum
859 1608 950 1686 suum
976 1608 1066 1677 dabit
1084 1613 1273 1698 intempore

205 1704 272 1792 [ιω.
323 1702 484 1797 Tempus
506 1705 623 1780 sutem
638 1707 765 1787 dandi,
793 1705 1000 1798 accipientis
1022 1703 1074 1779 est
1093 1709 1271 1801 aptitudo.

207 1800 270 1874 Ad
289 1801 400 1896 ipsum
420 1807 514 1879 enim
534 1808 633 1898 quod
659 1801 815 1894 adtin'et,
842 1803 979 1899 semper
1001 1804 1085 1879 dare
1107 1822 1271 1898 paratum

209 1900 272 1975 est.
325 1900 359 1973 Si
377 1906 471 1977 enim
490 1905 748 1998 dispensatores
761 1907 926 1979 Verbum
946 1908 1030 1978 vult
1053 1904 1122 1978 else
1145 1905 1271 1984 fideles

210 2002 245 2072 sc
263 2003 486 2096 prudentes,
518 2006 568 2077 ita
586 2020 628 2078 ut
649 2027 725 2095 non
751 2005 956 2097 fimpliciter
976 2002 1160 2079 conservis
1184 2008 1271 2084 dent
1300 1997 1305 2012 '

209 2098 433 2197 demensum,
459 2102 517 2178 sed
533 2106 619 2179 dent
633 2109 669 2179 in
686 2109 874 2199 tempore,
901 2118 1039 2196 quanto
1057 2106 1165 2201 magis
1181 2104 1271 2183 fide·
1373 2165 1380 2176 .

206 2202 292 2273 liter
315 2202 412 2275 srmul
434 2224 474 2276 ac
500 2206 695 2297 prudenter
715 2206 885 2299 proprios
907 2202 1077 2299 sapientia
1099 2204 1271 2300 dispensa·

206 2301 264 2373 bit
280 2300 440 2375 fructus?
468 2304 565 2377 ldem
578 2305 630 2378 est
643 2307 694 2379 illi
710 2320 854 2395 tempus
865 2304 991 2386 dandi,
1019 2305 1116 2395 quod
1131 2309 1186 2401 ei,
1209 2311 1272 2402 qul

207 2403 363 2494 accipit,
392 2405 602 2498 accipiendi.
655 2408 752 2505 Quid
769 2407 811 2480 s1t
834 2418 952 2478 autem
972 2403 1100 2478 solium
1118 2407 1203 2503 ligni
1218 2411 1272 2484 vi·

208 2518 283 2594 tae,
317 2504 352 2575 id
379 2502 428 2576 est
449 2505 649 2598 sapientia,
677 2506 776 2598 quod
796 2525 873 2577 non
896 2502 1045 2593 defluit,
1073 2508 1271 2583 confidera-

206 2606 313 2677 tione
334 2603 476 2699 dignum
487 2604 568 2697 est,
595 2603 911 2678 sedaliundeillud
930 2606 1109 2678 nonlicet
1131 2609 1272 2701 accipe·

207 2725 273 2796 re,
301 2724 404 2794 quam
422 2725 468 2776 ex
489 2705 742 2796 aliquarerum
762 2705 985 2797 physrcarum
1001 2706 1138 2798 peritia.
1166 2707 1271 2783 Con·
1295 2728 1297 2733 ’

208 2805 277 2878 stat
296 2799 465 2897 opificem
489 2808 539 2877 ob
558 2802 693 2877 fruuus
715 2801 946 2900 precepisse,
972 2818 1015 2876 ut
1029 2807 1181 2877 arbores
1197 2806 1271 2897 fru-

210 2903 340 2976 &uosae
357 2903 603 2996 producerent
620 2902 785 2995 frudus,
813 2922 966 2994 quorum
985 2901 1105 3001 causa,
1133 2926 1210 2996 quae
1231 2908 1272 2981 il·

207 3005 251 3078 lis
265 3002 366 3075 utilia
385 3018 507 3095 erant,
534 3003 797 3094 consequenter
813 2992 912 3076 fecit
958 3001 1107 3077 Fruslus
1126 3018 1167 3076 ut
1184 3026 1272 3080 con·

206 3102 428 3197 serventur,
461 3103 623 3199 indigent
644 3102 765 3194 soliis,
800 3104 927 3196 quibus
953 3116 1130 3198 tegantur.
1181 3105 1272 3180 Haec

208 3204 246 3276 in
261 3224 332 3294 ea,
360 3224 437 3294 quae
455 3203 639 3300 universis
652 3202 836 3296 praesidet,
862 3200 1030 3296 sapientia
1052 3203 1178 3278 videre
1201 3205 1270 3295 est,

207 3303 332 3394 inqua
355 3305 514 3377 omnium
532 3303 657 3395 opifex
678 3300 804 3376 cundia
824 3302 941 3378 secit-
975 3302 1058 3376 Alia
1076 3304 1170 3379 enim
1185 3327 1273 3399 praea

210 3403 317 3496 cipue
333 3399 444 3490 fiunt,
476 3403 543 3476 alia
564 3401 758 3477 secundum
777 3400 1067 3493 consequentiam
1086 3404 1136 3476 ob
1152 3407 1275 3497 preci·-

209 3520 292 3599 pua.
344 3501 526 3594 Praecipue
553 3504 679 3576 animal
712 3503 915 3594 rationale,
954 3506 1004 3575 ob
1040 3504 1283 3580 commodum·

210 3616 332 3676 autem
350 3602 426 3692 eius
442 3601 562 3675 bestiae
580 3601 613 3673 u
630 3598 765 3675 frudun
786 3616 902 3676 terrae.
952 3599 1065 3675 Forte
1087 3622 1175 3700 ergo
1192 3607 1275 3677 illo·

209 3722 311 3794 rum,
339 3722 417 3791 quae
435 3703 614 3795 praecipue
628 3698 720 3773 sada
735 3698 838 3795 sunt,
863 3701 1023 3774 rationes
1038 3697 1173 3776 franbus
1192 3703 1273 3777 sum

209 3803 297 3898 ligni
318 3802 426 3889 vitae3
453 3821 582 3874 eorum
604 3819 719 3890 vero,
746 3820 826 3893 quae
843 3801 893 3872 o'b
911 3799 1074 3874 illa'sasta
1088 3799 1188 3892 sunt,
1219 3824 1274 3875 ra-

207 3903 333 3974 'tiones
354 3901 444 3974 folia
468 3898 578 3993 sunt,
614 3920 767 3992 quorum
788 3900 926 3973 nullum
947 3901 1103 3994 inutile,
1135 3902 1274 3976 nullum

204 4001 517 4075 contemnendum
538 4013 705 4092 tanquam
729 3999 826 4090 v-ile,
858 4012 901 4070 ut
923 4016 995 4091 prae
1015 4000 1151 4072 incuria
1172 4001 1277 4075 cadat

202 4102 246 4178 ²&
261 4100 407 4180 defluat.
458 4099 500 4177 ld
517 4101 636 4178 adbuc
651 4100 803 4195 potiore
811 4099 894 4193 jure
909 4099 979 4174 dici
998 4098 1120 4196 potest
1136 4099 1185 4171 de
1196 4100 1276 4194 his,

929 4262 931 4267 .
1159 4218 1247 4288 nure
