3075 4875
393 467 770 576 salucra
819 469 904 550 IN
950 469 1101 571 Jou.
1203 492 1275 574 127

198 629 462 713 'Sauchaeorum
488 636 634 730 tyranni
658 632 841 711 sermones
866 634 1095 729 tyrannidem
1116 634 1271 732 spirent;

198 739 336 830 'quibus
353 736 501 822 auditis,
526 736 640 831 Jobua
663 739 796 829 verba,
821 754 898 829 quae
915 733 1018 829 supra
1036 738 1142 812 allata
1165 735 1271 834 sunt,

201 835 373 933 protulit.
424 833 525 910 Nihil
549 837 647 918 enim
664 836 757 910 adeo
773 832 1106 927 usqueadhomiois
1120 838 1272 913 aninam

200 948 400 1031 penetrat,
426 956 468 1008 ac
492 936 640 1033 pungit,
673 951 715 1008 ut
734 932 850 1024 sermo
871 933 1000 1024 dunas3
1027 933 1271 1031 sepenumero

202 1036 300 1109 enim-
313 1036 375 1127 qui
391 1036 556 1129 corporis
573 1034 751 1109 cruciatus
764 1034 943 1128 sustinuit,
959 1035 1073 1109 verba
1084 1056 1161 1110 non
1173 1039 1269 1131 tulit

202 1131 387 1209 Perfectus
409 1150 528 1212 autem
567 1136 724 1229 athleta,
749 1133 881 1209 hauns
909 1136 999 1209 licet
1017 1134 1053 1209 dr
1072 1134 1269 1233 fatigatus,

201 1239 318 1309 verba
344 1232 525 1329 asperiora
554 1236 734 1330 patienter
761 1233 854 1310 fert:
892 1235 1147 1324 contumeliam
1173 1257 1269 1310 vero

201 1337 365 1408 tolerare
383 1334 500 1431 magni
513 1333 568 1409 ‘est
584 1335 674 1424 viri;
699 1333 797 1411 unde
822 1330 1024 1428 Apostolus
1049 1334 1189 1433 egregia
1209 1335 1271 1412 sua
1307 1353 1310 1374 ¹

202 1433 368 1509 facinora
382 1454 667 1509 commemorans
679 1433 816 1528 inquit,
844 1439 1006 1507 canaiclis
1022 1432 1129 1526 efferii
1148 1439 1272 1510 leudi.

169 1559 171 1566 ’
203 1542 324 1628 cinus,
353 1534 510 1625 infamari
521 1555 696 1631 precamur.
747 1533 840 1608 Non
863 1531 1085 1634 veroJobua
1110 1536 1170 1627 qul
1192 1540 1270 1613 haec
1297 1552 1299 1558 ’
1341 1537 1343 1542 ’

205 1634 315 1726 dicit,
342 1634 555 1708 athletarum
575 1633 846 1735 strenuissimus,
873 1634 1139 1726 &cujuslibet
1162 1635 1270 1710 sorti·

204 1734 367 1808 tudinem
395 1734 471 1826 ejus
497 1754 539 1807 ac
563 1736 770 1828 patientiam
790 1735 969 1827 precipue
997 1732 1269 1833 complestitur,

203 1833 348 1907 labores
374 1833 604 1907 nihilominus
629 1834 664 1906 u
683 1832 864 1907 molestias
887 1830 1091 1926 persentit,
1118 1854 1205 1927 quae
1223 1857 1270 1911 ex

205 1931 353 2006 duriore
370 1930 534 2007 sermone
550 1953 699 2026 eorum,
726 1934 786 2026 qui
796 1932 971 2006 invisendi
986 1935 1087 2005 causa
1100 1934 1144 2006 ad
1155 1931 1270 2030 ipsum

205 2030 447 2123 accederunt,
472 2034 633 2125 pertulit.
682 2031 732 2107 Et
745 2034 914 2124 quoniam
927 2030 1099 2105 sermonis
1108 2035 1278 2132 pondus,.
1306 2035 1308 2039 ’

198 2145 376 2224 tanquam
397 2134 498 2229 gravi
520 2153 633 2207 onere
654 2133 849 2228 imposne,
867 2132 1025 2221 animam
1045 2130 1192 2229 fatigat,
1219 2137 1270 2209 id·

206 2233 307 2305 circo
326 2231 432 2323 dicit,
461 2234 715 2328 quamobrem,
741 2254 767 2306 o
783 2231 908 2326 amici,
935 2233 1051 2305 acrius
1068 2255 1126 2307 me
1146 2238 1268 2313 verbis

206 2329 333 2405 vestris
352 2346 583 2427 pungentes,
618 2355 722 2425 quarn
744 2333 892 2407 dolores
911 2351 1044 2427 corpus
1064 2330 1268 2433 stimulant,

205 2431 311 2507 animi
335 2451 505 2528 angorem
524 2433 689 2528 corporis
712 2432 901 2508 doloribus
923 2429 1183 2526 superadditis?

180 2610 182 2619 p
280 2537 599 2631 Loquiminicantra
613 2531 691 2629 ma]
717 2533 971 2634 Saepenumero
990 2533 1050 2625 qui
1072 2537 1163 2610 mala
1184 2555 1269 2631 per·
1375 2598 1379 2609 a

197 2643 349 2729 patrat,
371 2632 474 2709 alteri
491 2630 667 2722 detrahit3
694 2633 728 2707 ἃ
750 2655 831 2707 cum
844 2632 1005 2723 frontem
1022 2630 1130 2709 semel
1143 2639 1271 2729 periri·

197 2733 344 2823 cuerit,
363 2751 439 2806 non
453 2734 657 2829 arguendo,
683 2732 1092 2827 aequavero-dicendo,
1107 2733 1167 2810 sed
1180 2757 1269 2813 con·

197 2830 375 2906 'vitiando
395 2829 429 2904 dc
449 2834 701 2906 calumniando
720 2834 758 2906 in
773 2853 817 2906 os
838 2831 1011 2925 loquitur.
1314 2896 1317 2902 .

284 2933 449 3020 Clamoso,
473 2934 512 3009 (5
529 2958 683 3030 nusquam
696 2925 885 3030 pellicium]
911 2928 1022 3004 Nunc
1037 2930 1124 3003 licet
1140 2924 1291 3055 clatus-,J

206 3053 329 3126 vcro,
353 3053 527 3124 nusquam
549 3046 666 3107 tamen
676 3031 984 3124 jndiciummeum
1001 3034 1125 3123 venit,
1141 3033 1269 3108 adhuc

206 3147 337 3222 certo;
366 3154 407 3205 ac
426 3131 624 3221 srdixisset,
650 3147 819 3224 tanquam
845 3131 980 3204 athleta
1000 3131 1037 3202 in
1056 3128 1172 3205 stadio
1197 3135 1283 3227 cla„

197 3233 326 3326 mavi,
346 3233 518 3326 judicium
538 3247 656 3307 tamen
673 3250 793 3306 meum
813 3250 1035 3325 nequaquam
1055 3229 1181 3329 instat,
1202 3234 1268 3309 ad.

196 3334 277 3409 'hue
297 3335 392 3406 enim
410 3332 544 3407 luctor:
571 3330 608 3406 Si
626 3347 743 3407 autem
760 3330 862 3406 ludlae
879 3329 988 3406 finem
1000 3351 1076 3404 non
1089 3333 1267 3430 imposue-

197 3441 280 3526 ro,
306 3452 447 3517 corona
470 3433 555 3506 mihi
579 3453 655 3507 non
671 3432 911 3524 adjudicatur.
963 3430 1053 3504 Huc
1071 3448 1163 3506 veto
1182 3437 1267 3511 dici·

196 3542 308 3625 mua,
335 3551 381 3606 ne
400 3528 520 3605 Deum
538 3532 767 3626 accusemus,
792 3532 893 3625 quod
910 3530 1030 3628 Jobue
1050 3542 1123 3608 tarn
1140 3524 1267 3634 gravia
1311 3552 1314 3559 “
1345 3599 1350 3623 s

197 3646 412 3731 pateretur,
440 3631 662 3726 &nusquam
684 3632 803 3706 tamen
820 3631 995 3726 judicium
1016 3625 1131 3731 esset,
1155 3638 1193 3712 id
1207 3636 1266 3714 est
1316 3718 1319 3730 ,

199 3730 381 3806 ubertatis
401 3731 670 3808 &liberationis
688 3734 732 3807 ab
745 3731 910 3808 aerumnis
928 3729 1128 3810 sententia

600 3888 739 3973 car.
788 3891 866 3970 XX.

277 4028 522 4135 Siascmderint
534 4035 571 4102 in
586 4037 786 4108 celum-dana
798 4031 898 4135 ajon]
925 4030 974 4108 Et
982 4033 1170 4136 haeretlcus
1182 4058 1272 4129 ctum.

204 4149 331 4242 preces
350 4130 394 4206 ad
417 4131 535 4216 Deum
555 4133 716 4281 fuderit,
748 4157 832 4216 cum
848 4130 1061 4260 sacrifitium
1079 4141 1276 4318 alama
1326 4159 1353 4198 ,·
1378 4159 1379 4165 ¹
