3075 4875
172 476 175 480 ’
278 492 326 574 34
464 570 468 590 Ι
598 450 1012 553 orr'retttrs
1123 477 1188 494 ··
1303 576 1307 593 Ι

275 638 478 717 ostenditur
493 636 694 713 consecrari
709 636 794 710 Deo
812 637 990 713 neminem
1004 633 1128 735 polle,
1142 638 1215 731 qui
1227 636 1346 715 adhuc

275 742 365 815 utre
379 744 504 830 alitur,
532 739 665 833 &puer
679 738 730 812 est
742 738 919 829 senibus,
945 753 1195 836 atqueexpert
1212 737 1346 818 estser-

276 841 395 916 monis
410 837 573 932 justitiae,
598 859 666 912 nec
686 836 920 923 sacerdotalia
940 838 1061 930 potest
1078 857 1276 933 procurare
1297 839 1346 914 sa·

278 953 480 1031 eramenta,
499 937 561 1011 nili
577 936 750 1010 defistata
766 937 976 1031 puerilibus,
995 937 1030 1011 tr
1046 939 1084 1034 in
1099 939 1212 1032 majus
1227 939 1347 1014 ascen·

278 1042 340 1115 dat
361 1042 404 1112 ab
426 1039 504 1132 his,
533 1039 661 1127 quibus
682 1034 883 1132 Apostolus
902 1036 990 1109 dicit
1003 1033 1020 1111 t'¹
1048 1039 1219 1111 Laevius
1233 1043 1345 1136 prum

277 1142 347 1212 dedi
354 1193 367 1232 ‚
395 1161 460 1208 mm
475 1137 581 1227 escam.
615 1138 767 1210 Nondum
787 1142 873 1208 mim
886 1141 1056 1234 poteratis.
1088 1133 1267 1229 Alioquin
1295 1136 1344 1214 se·

267 1238 434 1332 ‚cundum
450 1237 587 1311 literam
604 1237 688 1329 quid
705 1237 852 1310 videtur
868 1257 989 1329 operae
1004 1238 1134 1333 pretii,
1151 1239 1345 1332 puerulum

277 1357 394 1431 nuper
409 1358 428 1409 a
442 1336 533 1409 lade
551 1335 733 1430 depulsum
749 1336 834 1411 Deo
845 1333 992 1428 offerri,
1007 1337 1069 1410 ubi
1080 1357 1157 1411 non
1167 1352 1283 1411 mater
1294 1338 1347 1411 in·

279 1439 419 1526 tererit,
436 1456 511 1508 non
525 1436 685 1509 nutrices
698 1437 904 1530 fovebunt,
923 1441 1041 1530 neque
1055 1436 1231 1511 educandi
1244 1436 1346 1531 pueri

279 1537 431 1610 aderunt
443 1537 515 1607 ulla
526 1534 703 1609 sublidiai·
724 1535 794 1610 Sed
807 1536 912 1628 vide,
939 1534 1211 1630 quiascripturae
1228 1534 1344 1611 sermo
1358 1543 1368 1560 ’·

262 1636 329 1712 ‘ita
344 1649 447 1729 aptus
461 1634 532 1728 est,
558 1647 600 1708 ut
614 1631 810 1732 figuraliter
827 1636 980 1729 doceat,
1002 1637 1101 1728 quod
1117 1634 1258 1728 omnis,
1285 1635 1346 1726 qui
1387 1699 1389 1704 .

278 1736 397 1832 primo
416 1736 459 1807 ad
474 1731 581 1809 fidem
603 1738 860 1817 convertitur,
885 1717 975 1807 latie
997 1736 1030 1807 dt
1049 1755 1127 1809 non
1149 1737 1234 1807 cibo
1254 1734 1347 1809 forti

282 1838 411 1927 alitur,
432 1835 617 1927 dequibus
630 1834 668 1907 in
681 1836 797 1919 altero
811 1837 898 1908 loco
914 1835 1061 1909 dicitur:
1089 1833 1346 1933 Ercffailieslis,

279 1941 337 2036 qui
353 1936 435 2009 laile
448 1939 614 2030 indigetis,
635 1934 673 2013 δ
684 1960 751 2007 nom
764 1937 829 2006 cibo
836 1935 936 2029 forti.
971 1938 1135 2029 Quoniam
1147 1941 1247 2005 omnis
1256 1982 1269 2024 ‚
1288 1938 1344 2035 qui

254 2029 257 2038 ’
280 2035 361 2109 lat'ie
384 2037 514 2123 alitur,
538 2037 661 2107 alimus
677 2038 717 2135 ιβ
732 2064 753 2107 a
764 2038 908 2126 sermone
923 2034 1067 2134 juflt'tiae.
1121 2037 1283 2118 Paruulus
1306 2032 1346 2132 ιβ

229 2124 238 2145 ’
282 2140 380 2210 enim.
410 2133 625 2228 Perfeiiarum
641 2134 679 2234 ιβ
695 2136 782 2208 citus
790 2136 932 2224 salidus,
950 2140 1008 2233 qui
1016 2155 1075 2234 pro
1084 2132 1348 2232 pafflliliraresu·

280 2236 385 2307 mendi
399 2239 586 2332 exercitaret
600 2235 718 2306 habeut
725 2234 835 2326 sensus
845 2237 886 2306 ad
900 2240 1114 2326 discretionem
1129 2238 1201 2306 lorti
1214 2236 1347 2309 amali.

281 2334 393 2431 Igitur
407 2334 620 2426 quicumque
636 2356 655 2406 a
671 2334 760 2408 lade
778 2334 940 2409 nondum
954 2335 1165 2429 depellitur,
1192 2332 1249 2407 sed
1269 2353 1346 2430 par·

241 2507 247 2523 ,
280 2434 390 2508 vulus
407 2431 477 2525 est,
503 2454 578 2507 non
593 2432 712 2529 potest
728 2436 919 2509 ascendere
932 2434 975 2508 ad
989 2437 1160 2528 templum
1174 2432 1346 2528 Domini,

282 2554 360 2608 non
379 2531 504 2624 potest·
521 2531 710 2608 ascendere
732 2534 777 2607 ad
796 2534 986 2608 ministeria
1002 2533 1250 2626 sacerdotum,
1276 2555 1347 2608 nec

281 2629 458 2708 sacrificiis
470 2629 655 2725 interesse,
675 2633 733 2707 sed
749 2655 797 2708 ne
809 2648 923 2709 mater
935 2634 1076 2726 quidem
1087 2635 1162 2726 ejus
1174 2630 1345 2726 ascendit,

284 2750 365 2833 cum
385 2732 489 2826 poffit
504 2731 705 2808 ascendere.
739 2732 865 2806 Gratia
879 2732 930 2806 est
945 2733 1039 2807 enim
1050 2748 1169 2827 mater¹
1179 2732 1255 2824 ejus
1269 2729 1344 2809 An·

219 2885 223 2895 ι
261 2855 351 2926 ma,
379 2830 604 2924 quaeservat,
631 2832 835 2911 &custodit
849 2853 950 2925 eum,
976 2832 1163 2906 &enutrit
1179 2849 1280 2924 eum,
1304 2844 1346 2905 ut

284 2946 451 3026 tempore
464 2946 677 3024 opportuno
692 2933 826 3027 pariter
840 2952 921 3005 cum
932 2930 1009 3025 ipso
1024 2931 1200 3006 ascendat.
1252 2934 1345 3030 Quae

267 3049 365 3106 'cum
383 3032 516 3107 viderit
532 3031 593 3124 ipst
604 3031 718 3105 adesse
730 3047 893 3127 tempus,
907 3046 949 3104 ut
957 3031 1026 3122 jam
1040 3031 1213 3105 recedens
1226 3029 1346 3104 eladae

284 3130 404 3207 solidis
425 3131 457 3203 δι
478 3130 634 3216 fortibus
653 3132 740 3211 cibis
761 3145 906 3222 utatur,
931 3143 972 3203 ut
985 3131 1136 3224 polilt&
1152 3128 1346 3203 sacerdoti·

282 3233 350 3305 bus
365 3227 552 3322 interelle,
577 3229 668 3302 &de
686 3230 804 3303 altaris
816 3229 923 3329 edere
938 3227 1133 3321 sacrificiis,
1153 3243 1243 3302 tunc
1261 3250 1356 3315 eum,

283 3329 369 3404 Deo
393 3328 590 3403 consecrat.
642 3329 757 3422 Vide,
787 3329 871 3403 stin
896 3330 967 3403 alio
988 3331 1077 3403 laco
1100 3330 1138 3402 in
1164 3328 1345 3423 scripturis

284 3428 574 3505 sandiiainvenis
604 3424 965 3526 fignificati'aliquem
993 3427 1125 3503 alacre
1150 3427 1345 3522 depulsum.

283 3523 366 3624 Ego
384 3541 524 3619 tamen,
552 3541 720 3620 quantum
743 3528 787 3601 ad
807 3527 959 3622 praesens
978 3529 1150 3605 memoria
1165 3527 1348 3624 suggerit,

284 3625 378 3701 lsaac
390 3627 556 3719 memini,
583 3627 628 3699 de
644 3647 717 3718 quo
735 3626 902 3720 scriptum
921 3629 993 3723 est,
1016 3626 1113 3720 quod
1127 3629 1346 3704 convivium

285 3745 449 3822 magnum
470 3724 559 3798 fet-it
584 3725 764 3800 Abraham
786 3750 828 3799 ea
846 3728 923 3820 die,
949 3747 1018 3820 qua
1034 3749 1054 3800 a
1069 3726 1159 3823 lacte
1180 3725 1345 3820 depulsus

284 3823 337 3900 est
352 3822 444 3899 Isaac
458 3818 551 3898 filius
565 3820 790 3919 sutrm‘Apud
806 3825 971 3901 homines
991 3827 1134 3919 quidem
1151 3824 1267 3901 saeculi
1281 3829 1363 3902 hu·-

281 3927 340 4020 jus
366 3938 531 4017 parentes
558 3921 674 4008 solent
693 3927 819 4000 natalis
840 3926 932 3999 diem
958 3928 1141 4000 celebrare
1165 3921 1345 4015 filiorumt

284 4022 468 4098 Abraham
494 4044 585 4097 vero
607 4032 684 4096 non
708 4027 866 4098 celebrat
883 4027 1037 4099 natalem
1053 4027 1146 4099 diem
1163 4018 1261 4099 Isaac
1280 4021 1347 4101 filii

236 4194 240 4198 ,
284 4122 357 4224 sui,
381 4123 440 4200 sed
454 4125 553 4200 illum
567 4122 661 4204 diem
673 4123 802 4203 festum
814 4124 907 4225 agit,
932 4124 1347 4240 &laetitiaedeputat3dt

1168 4244 1300 4302 convr-
