3075 4875
252 430 293 443 ⁹
371 439 1083 596 ''sttacrarursatuon
1153 486 1262 601 Ὺ,ισι
1343 520 1347 530 .

201 641 298 736 ,Aiio
313 642 440 739 padio,
465 643 583 717 Deum
597 645 683 734 dicit
698 642 766 740 esse
783 644 938 737 primurn
948 642 1277 731 administratorem

204 744 338 820 mundi.¹
365 741 1099 836 Sirpe'romnia‘autemDeumdicuntesse:
1118 744 1264 820 Animal

205 841 482 936 incorruptibile
508 845 640 918 &non
665 847 847 941 genitum,
875 844 909 944 dt
934 844 1085 937 primum
1109 845 1262 944 Regem,

205 966 311 1036 quem
329 946 437 1015 habet
452 942 780 1019 ioeum‘uniuersus
800 944 963 1019 mundun.

279 1044 320 1115 in
338 1050 494 1135 quinque
511 1045 624 1115 libros
641 1046 807 1119 dividunt
826 1044 967 1136 Hebraei
985 1042 1201 1119 Psalmorum
1223 1043 1264 1116 ii-

205 1144 331 1233 brum,
359 1165 512 1234 quorum
532 1146 669 1237 primun¹
685 1143 760 1218 est:
787 1143 999 1231 decemvir,
1025 1152 1082 1241 qui
1101 1170 1167 1215 oon
1182 1143 1264 1216 abiit

203 1252 242 1314 ia
253 1246 378 1334 confido
391 1250 576 1338 impiarum,
602 1266 716 1336 usque
733 1237 775 1315 od
793 1240 900 1317 finem
917 1244 1166 1341 quadragesimi
1176 1242 1266 1341 Psal-

201 1346 273 1432 mi;
300 1342 494 1416 secundus:
522 1347 785 1436 Quemadmodum
801 1346 1070 1438 destinatorum,
1096 1342 1273 1438 usquead¹

203 1440 495 1539 septuagesimum
520 1446 700 1537 primum3
727 1444 886 1535 tertius,
919 1448 1027 1537 Quam
1052 1446 1149 1516 banus
1172 1445 1266 1531 israe!

203 1547 316 1629 Deus,
349 1544 444 1614 reid-is
466 1547 573 1629 carde,
607 1542 715 1639 usque
740 1544 785 1616 ad
805 1542 1265 1639 ouogenmonouavum.
1377 1612 1380 1620 .

201 1648 392 1742 Quartus,
421 1649 557 1714 Domine
577 1644 735 1737 refugium
752 1646 861 1731 {adas
876 1670 908 1714 es
926 1646 1016 1714 nobit
1038 1651 1075 1715 in
1093 1650 1267 1737 gomario·

200 1768 259 1826 ne,
286 1749 323 1819 o
357 1749 574 1837 generatione,
607 1742 792 1833 usquead
823 1746 1052 1817 centesimum
1079 1747 1266 1834 quintum3

200 1844 373 1935 quintus,
403 1847 608 1935 confitemini
630 1848 786 1930 Domino,
811 1864 926 1933 usque
942 1845 983 1914 ad
999 1842 1118 1922 finem.
1289 1903 1292 1909 .

281 1939 361 2037 ligo
383 1944 713 2037 veroarbitrabar,
745 1944 783 2015 in
803 1944 897 2015 libro
919 1941 1137 2017 Psalmorum
1155 1962 1267 2017 unum

200 2042 251 2116 sle
268 2043 473 2134 inscriptum
489 2042 581 2134 esse,
594 2051 596 2056 ’
609 2049 719 2116 Oratio
734 2046 849 2138 Mayfis
862 2046 998 2114 nominis
1013 2048 1088 2115 Dei.
1122 2041 1192 2115 Sed
1208 2042 1269 2114 de·
1380 2109 1383 2118 .

199 2142 286 2214 inde
307 2142 536 2235 questionem
557 2145 601 2216 de
617 2144 828 2235 quibusdam
846 2143 916 2215 Dei
933 2144 1090 2215 oraculis
1110 2161 1268 2214 movens

199 2240 301 2336 julio
330 2245 571 2336 patriarchae,
598 2244 631 2315 dc
656 2245 797 2317 cuidam
820 2244 915 2336 ¹apud
939 2243 1081 2336 Judaeos
1103 2240 1268 2335 sapientis
1353 2296 1355 2298 >

200 2341 332 2416 famam
346 2343 516 2434 habenti,
529 2344 676 2432 audivi,
699 2346 736 2416 in
751 2344 921 2417 universo
938 2339 1155 2416 psalmorum
1171 2342 1282 2413 libro¹
1369 2432 1372 2441 ¹

202 2465 225 2515 a
244 2445 361 2534 primo
390 2443 423 2513 dt
446 2443 602 2517 secundo
624 2443 759 2540 psalmo
777 2467 864 2536 eos,
896 2444 957 2536 qui
978 2445 1071 2541 apud
1090 2444 1269 2517 Hebraeos

201 2538 436 2634 inscriptione
463 2559 610 2635 carent,
645 2546 706 2616 vei
739 2543 1016 2640 inscriptionem·
1040 2544 1183 2636 quidem
1210 2545 1271 2614 ira·
1310 2543 1313 2548 ’

197 2643 314 2731 beot,
341 2640 400 2714 sed
418 2665 494 2716 non
515 2640 699 2736 scriptoris
718 2665 875 2734 nornen,
901 2646 945 2717 ad
959 2666 1043 2718 eum
1056 2643 1270 2734 scriptorem
1342 2710 1345 2722 ,

201 2744 414 2834 pertinere,
444 2745 544 2834 cujus
568 2766 701 2817 nomen
724 2743 840 2815 fertur
859 2747 895 2815 iti
914 2744 1129 2839 praecedenti
1151 2743 1269 2833 primo

201 2841 364 2935 psalmo,
392 2846 450 2933 qui
476 2864 609 2916 nomen
626 2843 808 2935 scriptoris
829 2846 951 2918 habet
1001 2843 1068 2916 His
1086 2854 1206 2913 autem
1223 2840 1270 2912 de

182 2945 313 3037 „rebus
348 2947 462 3014 verba
495 2942 652 3031 faciens,
679 2944 796 3034 primo
823 2943 966 3015 dicebat
995 2942 1171 3013 tredecim
1199 2938 1271 3011 esse

203 3039 345 3132 Moyfis
366 3039 529 3136 psaimos.
583 3042 671 3115 Cum
689 3057 808 3115 autem
829 3044 952 3130 exiis,
979 3063 1056 3132 quae
1074 3040 1269 3129 audieram,

197 3144 421 3231 'reponerem
447 3136 531 3234 ipsr‘,
558 3142 724 3216 undecim
747 3156 886 3214 tantum
911 3139 1006 3214 esse:
1032 3152 1269 3232 percontatus
1323 3180 1328 3190 ·

204 3239 336 3313 deinde
354 3263 454 3333 eum,
482 3245 540 3334 qui
556 3244 649 3336 apud
663 3244 744 3315 ilios
762 3239 896 3335 sapiens
912 3241 1098 3331 audiebat,
1125 3236 1269 3329 edidici,
1378 3242 1383 3249 '

196 3339 275 3412 esse
294 3360 423 3423 reuera
442 3343 625 3416 undecim:
654 3363 807 3433 quorum
821 3339 1026 3436 octogeno
1046 3340 1188 3431 quidem
1203 3358 1272 3411 no·
1308 3395 1309 3398 ,

200 3440 242 3513 ui
259 3442 502 3514 initiunterat:
531 3448 668 3516 Domina
686 3444 840 3536 refugium
851 3441 965 3533 satius
978 3467 1009 3512 es
1026 3441 1112 3511 mdis
1130 3445 1166 3508 io
1179 3461 1271 3532 geme-

207 3548 333 3610 ram'ane
353 3542 390 3615 o
404 3551 629 3633 generatione:
657 3541 833 3633 sequentis
853 3563 974 3635 vero,
1009 3541 1068 3633 qui
1090 3539 1183 3632 apud
1200 3557 1270 3634 nos

205 3642 452 3732 nonagesimus
473 3640 607 3735 fertur,
634 3644 774 3717 initium
792 3656 896 3734 erat,
922 3640 1138 3739 Qui'hoiirat
1158 3643 1196 3707 in
1215 3641 1272 3709 ad·

199 3733 504 3843 jugarioairiffimi‚
532 3765 635 3835 quern
654 3743 760 3816 etiam
776 3742 918 3814 dicebat
931 3739 1001 3814 esse
1012 3737 1164 3832 Moysis.
1191 3737 1270 3809 nno
1312 3798 1314 3803 .

208 3845 315 3902 etlam
337 3847 442 3918 eum,
470 3843 528 3930 qui
547 3841 816 3935 inscriptionem
837 3843 978 3933 quidem
994 3842 1124 3921 habet,
1151 3835 1209 3901 scd
1229 3827 1270 3901 st·

205 3950 255 4001 ne
278 3925 458 4017 scriptoris
481 3945 650 4019 nomine,
674 3964 806 4027 nempe
829 3939 1093 4029 nonagesimum
1116 3930 1270 4022 primum

207 4029 256 4104 fic
270 4026 499 4120 inscriptum,
528 4031 667 4117 Psarlmus
679 4038 798 4127 cantici
815 4041 852 4104 in
871 4038 951 4105 ditm
962 4034 1101 4123 sabboti,
1128 4026 1268 4129 Moysis

209 4125 280 4204 esse
298 4128 460 4214 dicebat,
489 4131 587 4223 cujus
608 4135 768 4232 initium,
801 4138 924 4236 Bonum
942 4134 1137 4236 adtonsum
1160 4127 1270 4198 uomi-

255 4233 404 4330 Qemi
433 4219 517 4306 Tam.
535 4234 631 4310 ΙΙΙ.
848 4235 885 4317 L
1017 4234 1021 4243 '
1174 4249 1247 4314 no,

699 4390 712 4451 i
