3075 4875
396 389 1092 489 snnpcnnrnrsnnm..os
1169 401 1284 527 ²⁶³·
1362 351 1366 362 ’

211 554 367 670 abipso·
377 553 547 648 separata
556 553 631 647 est,
668 529 886 629 &somnum
906 556 1028 648 capit,
1062 524 1269 642 ostendatur
1328 641 1334 651 p

209 655 374 750 operari,
400 653 584 748 postquam
598 652 728 729 ditium
745 657 823 748 est,
851 651 915 748 Ege
928 642 1086 742 dormivi,
1110 655 1270 754 additur,
1275 704 1284 721 -.

209 757 250 831 dl
262 757 422 850 separatus
436 757 519 843 sum.
569 752 620 826 Et
637 753 721 846 qnid
736 755 863 830 mirum
883 755 916 827 sr
927 754 1103 845 ejus'modi
1121 753 1266 830 somnus

209 855 251 927 in
267 851 454 927 Salvatore
474 873 550 927 non
566 855 717 927 omnino
734 857 857 929 animae
874 856 988 927 otium
1003 851 1093 948 fuit,
1118 851 1177 927 sed
1197 853 1270 930 ces·

209 952 301 1027 satio
325 956 494 1044 quiedam
503 953 546 1026 ab
566 951 629 1025 usu
647 955 817 1045 corporei
835 951 1069 1029 instrumenti
1110 952 1195 1047 Ipsa
1214 969 1266 1028 et·
1278 1029 1282 1034 ,

209 1057 305 1125 enim
325 1052 439 1144 perse
458 1050 516 1125 sua
536 1073 682 1126 munera
696 1055 799 1144 obit,
825 1053 1116 1167 quandoquidem
1134 1053 1229 1127 idem
1245 1076 1278 1136 a:

208 1151 308 1247 Jobo
330 1149 458 1224 diitum
485 1150 694 1225 ostenditur.
734 1157 854 1245 Quare
874 1154 966 1224 enirn
980 1149 1163 1246 ,inquit,
1198 1177 1275 1252 nen

208 1276 247 1323 ex
274 1259 364 1322 uter'o
387 1257 423 1320 in
445 1268 680 1323 monumentum
704 1249 809 1327 alie?
849 1255 952 1324 Nunc
978 1255 1085 1348 utique
1106 1253 1279 1324 dormiens¹

206 1354 406 1449 quiescerem,
426 1351 570 1440 firmorum
593 1367 696 1422 autem
713 1357 838 1448 capiens
862 1351 1073 1449 requiescerem
1093 1376 1163 1422 crem
1185 1356 1264 1447 regi·

208 1451 280 1537 bur,
306 1452 488 1542 confiliariis
513 1468 627 1538 terre,
663 1477 717 1548 qur
711 1452 991 1545 ''gloriabantur
978 1475 1016 1522 m
1032 1451 1172 1544 gladiis,
1203 1467 1265 1526 eet

205 1564 285 1620 rum
297 1550 507 1643 principibus,
533 1551 646 1648 quibus
665 1551 799 1623 meltum
814 1551 1025 1639 delituerunt.
1078 1549 1152 1623 Nifi
1168 1552 1263 1627 enim

205 1649 357 1740 aliquam
377 1649 501 1721 animae
515 1650 764 1742 operationem
787 1650 1028 1746 intelligeret,
1055 1650 1092 1722 in
1111 1671 1179 1740 qua
1198 1653 1265 1724 bo·

202 1769 335 1824 norum
358 1749 590 1837 quorumdam
606 1752 792 1843 particeps
817 1748 968 1841 effedta,
990 1769 1070 1821 cum
1093 1747 1186 1821 hisce
1208 1770 1263 1823 re-

204 1846 428 1940 quiesceret,
452 1867 529 1919 non
561 1850 687 1940 utique
706 1849 868 1921 diceret.
906 1853 1059 1919 Semnum
1076 1854 1210 1944 capiens
1216 1874 1265 1919 re·

203 1949 387 2068 quiescerem
399 1972 467 2015 cum
480 1948 617 2040 regibus,
643 1948 829 2044 eonfiiiariis
846 1964 957 2034 terre,
983 1971 1036 2043 qur
1032 1947 1266 2041 gloriabantur

200 2057 241 2118 ιη
268 2047 393 2140 gladiis
443 2046 491 2119 Hi
513 2059 633 2120 autem
653 2046 758 2120 santii
782 2045 917 2134 fuerint
939 2046 1082 2140 pietatis
1107 2047 1262 2142 milites,

203 2147 265 2240 qui
284 2146 401 2218 verbo
421 2166 520 2218 omni
511 2146 651 2241 gladio
669 2146 815 2242 ancipiti
832 2148 994 2219 acutiore
1011 2157 1161 2217 utuntur
1176 2168 1263 2220 con·

202 2260 260 2319 tra
277 2266 421 2318 omnem
432 2246 595 2318 veritatis
609 2245 857 2318 adversarium.
906 2244 1108 2337 Principes,
1135 2247 1262 2337 quibus

202 2348 356 2421 multum
378 2342 428 2415 est
445 2363 589 2438 aurum,
616 2345 639 2416 ii
659 2345 785 2439 erunt,
803 2344 872 2437 -qui
893 2343 1014 2418 multis
1030 2345 1281 2441 praecellunt,

210 2446 246 2519 δι
260 2446 343 2517 ideo
354 2445 532 2537 principes
542 2448 688 2537 vocati,
706 2448 743 2519 in
758 2445 1124 2538 contemplationibus
1140 2444 1174 2516 δι
1189 2444 1272 2541 spei

211 2544 450 2619 culationibus
475 2545 636 2617 veritatis
656 2545 788 2618 divites
816 2541 906 2618 sunt.
964 2539 1067 2617 Nihil
1085 2563 1173 2640 ergo
1198 2544 1271 2619 mi·'

208 2665 288 2719 rum
313 2642 539 2718 Salvatorem
561 2642 692 2718 dicere.
760 2647 913 2715 nariam
936 2641 976 2719 sl
994 2643 1046 2739 [op
1048 2658 1156 2714 aratus
1170 2643 1279 2734 sum,

206 2743 339 2837 quippe
354 2742 412 2833 qui
432 2742 474 2813 ad
488 2744 679 2816 animarum
691 2741 839 2816 salutem
858 2743 960 2836 plura
967 2743 1090 2838 egerit
1107 2763 1154 2814 eo
1173 2756 1261 2815 tem·

205 2861 321 2958 pore,
348 2858 421 2932 quo
445 2862 465 2912 a
485 2861 643 2933 corpore
669 2841 848 2933 separatus
866 2841 935 2934 est,
961 2839 1259 2932 quemadmodum

204 2943 244 3015 in
204 2940 440 3015 scatholica
456 2935 515 3011 sud
527 2939 680 3033 eprstola
691 2939 819 3013 Petrus
839 2939 909 3011 ait:
938 2943 977 3012 10
989 2963 1047 3037 quo
1061 2937 1100 3016 dl
1115 2941 1224 3039 his,q
1226 2945 1262 3013 ιιι·

205 3046 244 3113 in
262 3065 379 3111 carcere
396 3055 510 3125 erant,
519 3039 696 3134 spiritibus
711 3040 884 3110 adveniens
923 3041 1103 3127 radicavit,
1129 3046 1185 3139 qui
1205 3046 1272 3112 ier-'s

204 3143 323 3213 creduli
336 3139 477 3230 frrerartt
494 3126 683 3236 aliquande,
710 3061 1036 3236 quandoexsgediabat
1056 3143 1121 3210 Dei
1130 3138 1273 3235 petiero-2

202 3246 253 3314 tia
276 3246 313 3310 in
333 3238 434 3309 diebus
453 3240 544 3325 Nee,
569 3261 638 3308 crem
650 3239 871 3331 fabricaretur
890 3263 989 3331 arca,
1015 3242 1052 3313 e'rt
1067 3264 1130 3339 qua
1145 3245 1273 3333 poteri,'

202 3342 237 3412 r'd
251 3340 291 3437 ιβ
307 3336 372 3410 olio
387 3341 502 3409 anime
511 3339 611 3427 selva
617 3336 717 3430 fol'iae
730 3342 810 3424 sunt
822 3358 878 3437 per
890 3362 1016 3437 aquam.
1065 3334 1149 3413 Post
1163 3339 1259 3415 hand
1266 3342 1271 3355 “

200 3439 457 3513 dormitionem
473 3451 575 3530 pater
590 3436 701 3532 ipsum
720 3437 906 3530 suscipiens
924 3439 1110 3513 excitavit

277 3542 356 3611 Non
371 3536 482 3608 timebo
496 3539 597 3609 midia
604 3537 711 3634 popuii
728 3540 951 3610 circumdantis
964 3563 1026 3621 me,
1054 3534 1140 3629 tra]
1163 3537 1273 3609 Vo'tt·

197 3639 305 3734 plane
319 3633 471 3709 sonitum
483 3635 635 3731 decens,
662 3657 722 3728 qu1
712 3637 978 3710 admaximim
994 3637 1178 3728 virtutem,
1201 3636 1253 3707 ni·
1264 3644 1271 3671 ·

197 3740 326 3813 mirum
350 3735 594 3825 securitatem,
619 3737 788 3831 pervenit
811 3741 861 3809 ob
882 3735 1077 3812 fiduciam
1067 3757 1103 3807 m
1120 3735 1258 3817 Deum.
1264 3752 1271 3783 ··

196 3837 296 3912 Huic
317 3835 433 3909 similis
454 3834 504 3907 est
521 3833 608 3907 ista.
640 3835 678 3912 Si
698 3833 877 3931 009ιῆβοοΐ
883 3837 1046 3944 adversum
1064 3857 1111 3909 rrre
1133 3835 1251 3932 cellro,
1283 3919 1285 3923 Α

195 3961 263 4008 noa
289 3935 413 4005 timebit
430 3957 480 4003 car
500 3958 611 4004 meum
660 3932 710 4007 Et
729 3919 923 4008 Salvator*
913 3958 949 4007 m
971 3935 1093 4027 spiritu
1110 3952 1250 4027 c·ogno
1256 3938 1271 3971 ³¹

197 4034 300 4111 scens
321 4033 430 4155 millia
449 4035 574 4128 populi
601 4034 923 4206 elifiumcifionis,
934 4055 1010 4140 qnae
1028 4028 1270 4173 postulatura·

545 4147 565 4176 ··
708 4157 733 4222 4
959 4146 963 4169 ³
1033 4132 1237 4223 ueram,-
1261 4132 1270 4151 ¹
