3075 4875
638 325 733 372 Nu
860 323 862 326 '

263 599 265 606 Ι
323 534 331 540 -
373 488 441 567 ιιι
465 488 575 564 ιιι.
601 439 899 607 Jnorcun.
925 455 1075 565 non.
1102 428 1164 567 ur.
1255 511 1301 583 ις

232 653 336 729 Deus
354 649 489 745 Spiritu
511 650 628 724 sansto
647 643 798 745 repleri,
825 666 886 743 nt,
913 651 1001 724 ficut
1020 649 1222 725 Gothoniel
1235 651 1318 745 iste-2
1348 735 1351 740 ,

233 754 443 827 testimonio
463 750 644 843 scripturae
659 752 851 823 decoratus
869 750 938 833 est,
964 754 1013 823 ita
1026 753 1131 824 etiam
1148 753 1231 843 ipsr,
1254 753 1300 827 de

237 854 365 980 quibus
393 854 466 924 hoc
500 867 687 943 optamus,
713 850 785 922 Dei
817 850 1058 924 testimonium
1084 869 1300 930 mereantur.

239 937 440 1047 nitergo:
470 951 521 1021 E!
529 950 644 1043 ,fossus
666 949 705 1047 efl
720 951 814 1046 super
832 976 900 1020 eum
918 954 1060 1032 Spiritus
1083 957 1243 1040 Domrm,
1260 951 1301 1048 φ’

235 1057 396 1150 judicavit
420 1052 532 1140 Israel,
558 1049 597 1126 (5
614 1053 751 1121 oxiitod
774 1051 898 1140 besum,
926 1049 964 1125 (s
984 1054 1122 1121 tradunt
1141 1057 1300 1122 Dominus
1331 1047 1333 1052 ’
1367 1136 1370 1143 ⁴

240 1162 275 1223 r'n
294 1176 407 1221 monus
430 1154 499 1246 ejus
520 1151 732 1240 chusarsaton
758 1175 866 1244 regem.
919 1153 1041 1247 Quare
1063 1151 1171 1224 hoc?
1204 1153 1301 1250 Quia

242 1250 392 1366 Spiritus
413 1250 562 1323 Domini
581 1264 657 1322 erat
679 1250 714 1321 in
740 1273 809 1342 eo,
837 1250 1096 1326 &confortata
1110 1251 1159 1324 est
1175 1273 1299 1324 manus
1338 1328 1342 1346 ¹

243 1353 315 1444 ejus
328 1370 393 1445 per
406 1347 587 1421 Chusarsat
575 1368 639 1422 ton
654 1370 787 1443 regern.
838 1350 887 1421 Et
901 1350 981 1441 post
997 1348 1073 1422 liae
1091 1347 1214 1440 dicit,
1219 1352 1301 1440 quia

243 1459 366 1549 quieuit
387 1468 474 1519 terro
493 1449 554 1521 sub
573 1471 622 1521 eo
640 1450 769 1539 judice·
764 1458 990 1545 ·quaoragrnra
1003 1457 1111 1520 annis
1163 1452 1300 1532 Vides,

241 1551 446 1645 qnamlarga
458 1548 849 1623 estdrvrnaclementra
902 1548 996 1622 Οᾶο
1009 1572 1107 1622 annrs
1119 1547 1180 1621 filn
1194 1545 1300 1623 lsrael

240 1652 436 1722 servierant
456 1668 524 1742 pro
546 1652 741 1721 multorum
762 1647 917 1738 dennis,
946 1651 1175 1747 quadraginta
1197 1651 1298 1724 annis

240 1770 300 1843 per
322 1751 427 1821 unius
448 1746 640 1840 justitiam
631 1770 667 1819 1n
686 1751 778 1840 pace
792 1748 995 1842 perdurant.
1373 1812 1376 1820 ,

310 1872 345 1961 4.
371 1847 443 1920 Sed
469 1848 554 1938 quid
580 1848 708 1919 dicitur
729 1847 811 1939 post
834 1846 941 1920 haee?
971 1850 1017 1919 Et
1040 1850 1074 1916 d
1061 1847 1210 1940 efunflus
1236 1848 1302 1942 est,

195 2027 197 2038 ,
244 1948 372 2040 inquit,
402 1948 625 2039 Gorhmiolfls
628 1961 676 2025 nu
701 1950 830 2019 Cenuh.
882 1947 973 2025 Rern
990 1949 1103 2020 video
1121 1950 1301 2041 periculo-

245 2045 318 2121 som.
357 2046 572 2119 neronum
600 2046 649 2119 est
673 2046 889 2125 Gothoniel.
942 2048 1093 2145 Quare?
1128 2048 1301 2143 quiajam

242 2148 401 2241 indignus
425 2160 502 2219 erat
528 2151 716 2239 populus,
751 2150 810 2239 qui
834 2148 983 2219 haberet
997 2148 1151 2239 judicem
1179 2148 1299 2222 talem.

241 2244 406 2336 Denique
423 2248 460 2317 in
482 2245 783 2335 consequentibus
800 2248 897 2322 dicit.
935 2248 1005 2319 luo
1026 2245 1197 2342 desunsro
1217 2251 1301 2343 adje-

245 2364 369 2437 cerum,
396 2346 533 2439 inquit,
552 2348 621 2438 filii
643 2348 751 2433 Israel,
772 2347 880 2440 facere
898 2352 1067 2442 malignum
1085 2357 1120 2417 in
1140 2346 1301 2444 conspcssn

245 2453 398 2519 Domini:
424 2447 463 2523 (5
485 2448 686 2539 confortavit
716 2454 871 2520 Dominus
889 2448 992 2541 Eglon
1013 2474 1109 2541 regem
1132 2454 1230 2519 Moab
1244 2451 1303 2517 os·
1330 2456 1335 2478 ¹

246 2553 363 2634 versum
390 2547 493 2633 Israel.
548 2545 762 2638 Considera,
799 2550 880 2640 quia
902 2567 970 2639 pro
991 2569 1063 2639 ιο,
1095 2549 1193 2639 quod
1213 2547 1302 2618 indi·
1389 2541 1395 2559 ”

245 2650 297 2743 gui
315 2663 418 2720 erant
433 2649 528 2740 jam,
565 2647 697 2721 habere
722 2651 919 2740 principem
942 2651 1069 2738 tatem,
1099 2660 1301 2741 propterea
1386 2701 1389 2704 .

246 2749 401 2820 aufertur
421 2749 529 2818 abeis
551 2748 668 2818 bonus
684 2748 809 2841 judex.
859 2745 909 2818 Et
927 2745 1092 2820 fecerunt
1117 2744 1176 2842 filii
1197 2744 1323 2843 lsrael„
1384 2819 1387 2824 ,

244 2850 430 2942 malignum
445 2848 482 2918 in
501 2845 691 2938 conspeetu
707 2847 884 2940 Domini,
920 2846 1149 2919 &excitatur
1166 2845 1216 2918 eis
1235 2844 1314 2947 ho·u
1355 2844 1371 2924 s

246 2944 300 3019 stis
317 2947 478 3040 pessimus
501 2944 614 3042 Egion
637 2966 700 3017 rex
716 2945 844 3019 Moab.
894 2947 1029 3036 Vides,
1057 2949 1314 3036 quiapeccatuv
1344 3025 1346 3031 ,
1390 2962 1395 2987 ·

247 3049 338 3121 vires
359 3045 521 3119 hostibus
539 3048 721 3137 praebent,
758 3047 791 3116 &
813 3045 963 3136 quando·
976 3068 1042 3118 nos
1066 3046 1212 3118 facimus
1230 3064 1302 3117 nrah

247 3144 428 3242 lignumin
450 3145 642 3237 conspestu
660 3145 839 3234 Domini,
872 3145 905 3216 δι
925 3146 1185 3237 delinquimus,
1212 3157 1305 3215 tune
1334 3230 1337 3243 ,

206 3272 209 3277 ·
248 3246 496 3326 confortantur
521 3267 548 3334 ap
568 3245 733 3318 Domino.
757 3247 887 3316 inimici
911 3245 1049 3337 nostri,
1094 3259 1182 3317 tunc
1203 3244 1311 3328 vireo,

249 3346 433 3417 contrariis
454 3347 648 3421 virtutibus
672 3344 812 3420 dantur.
863 3338 949 3417 Hoc
967 3345 1041 3418 srva
1056 3343 1246 3417 secundum
1260 3343 1302 3414 li·
1327 3392 1348 3403 .-

247 3459 355 3518 teram
372 3463 526 3534 quaeras,
552 3445 602 3515 ita
615 3447 801 3534 invenies,
828 3447 909 3535 quia
928 3466 1002 3516 non
1021 3442 1306 3534 invalescerent,

248 3545 304 3617 nisr
325 3546 376 3617 eis
397 3542 523 3615 deli'sta
542 3544 662 3616 nostra
683 3545 780 3614 vires
800 3543 1026 3617 conferrent:
1052 3545 1126 3618 srve
1147 3547 1184 3616 in
1209 3541 1305 3635 spiri·

234 3645 372 3716 'talibus
392 3642 622 3736 confideres,
658 3644 815 3729 suniliter
839 3646 1025 3715 contrariae
1048 3644 1201 3716 virtutes
1227 3662 1305 3715 non
1384 3640 1387 3651 ’

248 3740 506 3817 invalescerent
523 3742 708 3816 adversum
723 3764 815 3832 nos,
840 3764 908 3815 nec
924 3743 996 3836 ipse
1010 3745 1166 3818 Zabulus
1188 3748 1225 3817 in
1239 3765 1306 3816 no·

248 3845 298 3915 bis
318 3842 452 3933 aliquid·
469 3846 704 3934 prevaleret,
730 3842 792 3914 nisr
813 3844 845 3914 ei
867 3845 962 3915 vires
982 3866 1026 3915 ex
1051 3846 1178 3918 nostris
1204 3847 1303 3918 vitiis

215 3940 218 3949 '
248 3946 501 4038 praeberemus:
527 3943 633 4014 valde
647 3939 808 4014 infirmus
825 3941 912 4015 esset
926 3943 1109 4016 adversum
1123 3968 1214 4032 nos,
1240 3945 1322 4030 mn,

248 4064 312 4125 nos
331 4065 413 4115 eum
428 4041 562 4114 fortem
579 4043 764 4134 peccando
780 4041 998 4132 faceremus,
1027 4045 1086 4116 nisr
1104 4069 1169 4138 per
1181 4039 1305 4136 pe'cca·

249 4157 283 4218 ta
304 4143 429 4221 nostra
453 4144 577 4219 locum
600 4142 871 4247 introeundi&
899 4144 1136 4224 dominantis
1129 4144 1327 4222 rnnen'net.

739 4244 821 4345 B5
1246 4249 1353 4354 ἰιιῆ
