3075 4875
437 375 722 500 sutucra
746 419 814 498 ur
837 417 1137 512 PsALMOS.
1214 368 1361 512 'm'

255 606 331 681 qua
349 584 476 664 Petrus
490 586 690 678 Paulusque
706 582 920 680 potillrmum
938 580 1191 675 constituitur5
1212 581 1319 682 idque

257 686 393 780 ipsum,
416 686 517 777 quod
532 689 567 759 in
587 684 845 760 resurretlione
860 684 1318 778 animaedenuotribuitur,

257 785 317 860 sed
334 788 369 857 in
391 788 513 858 melius
543 783 777 862 conversum:
798 806 873 858 non
900 800 1019 856 tameo
1044 784 1166 857 eadem
1188 781 1238 855 est
1259 782 1318 854 illa

258 886 425 974 materia,
447 877 522 979 quae
538 888 685 981 corpori
702 886 854 981 primum
864 883 965 957 insita
975 884 1101 958 fuerat.
1129 881 1317 975 Aequom*-

258 986 452 1057 admodum
472 986 604 1077 species
633 984 705 1078 ipsa
724 984 767 1057 ad
786 986 947 1057 ultimum
967 987 1087 1074 usque.
1099 982 1220 1055 eadem
1245 980 1316 1074 ests,

254 1085 320 1158 etsi
334 1087 458 1179 ingens
476 1086 699 1180 propriarum
715 1085 924 1176 formarum,
944 1096 1184 1172 notarumque
1196 1082 1316 1154 videa·
1335 1079 1339 1087 '

255 1197 317 1256 tur
331 1182 400 1256 elle
420 1186 620 1262 diverfitas:
646 1188 696 1258 ita
714 1185 748 1260 ἃ
768 1185 805 1258 in
827 1204 897 1276 eo,
923 1183 969 1258 de
990 1204 1063 1274 quo
1083 1182 1236 1277 agimus„
1257 1180 1315 1258 iu-

255 1285 489 1380 telligendum
513 1284 590 1378 est,
622 1282 830 1379 praesentem
858 1282 1024 1376 torporis
1048 1279 1201 1376 speciem
1222 1302 1314 1378 eamq·

256 1382 338 1456 dem
354 1380 422 1458 elle
438 1405 518 1461 cum
537 1383 677 1460 futura:
705 1405 851 1471 tumeo
871 1399 1010 1473 tamen,
1036 1396 1078 1453 ut
1096 1379 1314 1459 incredibilis

253 1483 293 1555 in
313 1483 437 1555 melius
452 1484 492 1556 fit
510 1482 629 1562 futura
645 1484 811 1561 mutatio.
861 1479 1016 1556 Necelle
1033 1479 1084 1555 est
1098 1482 1214 1574 enim,
1235 1475 1314 1557 'ani-

252 1593 349 1655 mam‘
372 1566 558 1675 corpdreis
580 1587 617 1659 in
641 1584 733 1659 loeis
756 1583 952 1660 'haetentem
977 1579 1228 1656 consentaneis·
1248 1582 1312 1657 fibi

252 1682 308 1754 uti
320 1679 559 1774 ¹corporibus.
609 1682 731 1775 Atque
746 1682 840 1757 utsr
863 1684 900 1758 iu
923 1681 1129 1774 aquatilium
1148 1695 1312 1764 naturam

241 1782 453 1865 ,conversos
477 1783 589 1858 vitam
607 1782 747 1860 inmari
767 1803 842 1860 oos
861 1782 991 1878 degere
1008 1794 1223 1874 oporteret,
1250 1789 1310 1872 'na-

253 1880 436 1956 ceilarium
457 1880 589 1974 foret,
624 1904 693 1960 tros
717 1883 784 1956 alia
805 1902 1001 1976 corporum
1027 1877 1309 1980 constitutione3

251 1977 470 2075 pisciumque
488 1980 614 2076 nomin,
641 1980 719 2075 „elle
747 1982 944 2081 praeditos:
978 1981 1029 2052 ita
1051 1980 1111 2070 qui
1136 1979 1309 2058 coelo'ru'nt

248 2082 351 2174 regni
366 2077 600 2158 hereditatem
615 2082 743 2160 adituri
761 2075 862 2174 sunt,
884 2081 929 2161 ‘u'c
947 2075 1094 2180 diversis
1113 2079 1150 2152 iri
1168 2075 1307 2154 sedibus

249 2177 464 2272 habitaturi,
490 2178 657 2276 spiritalia
673 2201 818 2275 quoque
833 2199 990 2273 corpora
1001 2180 1156 2255 habeant
1168 2179 1308 2256 necess'a

248 2279 318 2352 est:
345 2301 421 2351 non
445 2281 542 2371 quod
566 2283 666 2374 prior
686 2282 915 2377 extinguatur
936 2279 1090 2375 speeies,
1110 2280 1308 2374 tamemip

245 2377 414 2456 illustrius
438 2381 600 2472 quiddam
620 2381 881 2478 gloriofiusque
901 2395 1071 2479 mutetur.
1129 2379 1309 2481 Quemad-

246 2479 395 2556 modum
412 2479 515 2573 Jesu‚
532 2504 583 2580 ,ac
598 2483 759 2581 Moysis,
786 2480 1060 2575 &Elierpecies
1081 2481 1117 2553 in
1133 2482 1307 2561 transfor·
1356 2511 1358 2515 ·

246 2581 407 2679 matione
432 2600 508 2659 noo
535 2581 627 2673 alia,
661 2580 868 2681 quam-q'uae
892 2582 998 2661 inltio
1032 2595 1137 2672 erat,
1171 2576 1304 2673 extitit.

245 2677 337 2769 Nop
350 2693 388 2750 te
401 2678 507 2775 igitur
520 2672 705 2774 offendat,
724 2678 756 2759 'r
773 2684 850 2775 quis
866 2678 1013 2773 primam
1027 2676 1224 2783 subjectam
1232 2676 1304 2755 mai·

243 2783 371 2853 teriam
392 2780 468 2851 non
485 2781 644 2859 eamdem
668 2796 756 2859 tunc
780 2780 936 2859 futuram
957 2780 1088 2855 dixerit
1104 2796 1119 2869 3·
1152 2792 1302 2855 cum'tio

241 2879 356 2955 biduo
380 2878 521 2970 quidem
543 2881 660 2983 orode
679 2881 839 2959 eamdem
853 2881 954 2955 illam
970 2899 1183 2974 permanere
1202 2881 1304 2976 polla

242 2979 340 3053 ratio
358 2979 430 3071 ipsa
454 2979 633 3073 declaret,
658 2977 683 3059 st
705 2981 783 3075 quis
805 2994 971 3056 mentem·
989 2977 1080 3051 velit
1098 2980 1300 3077 advertere,

240 3079 563 3163 Animadverlrooe
580 3096 753 3173 praetetea
768 3080 912 3175 dignum
928 3080 961 3153 o
979 3077 1066 3167 illud
1084 3077 1154 3152 est:
1174 3079 1300 3175 diver:

239 3180 316 3252 sum
336 3178 494 3251 seminari
512 3199 673 3277 corpus,
701 3179 949 3271 diversumque
971 3176 1173 3277 resurgere:
1197 3170 1298 3252 Semi*-
1330 3250 1332 3255 ,
1372 3272 1374 3276 y

240 3284 444 3350 naturrm'm
458 3299 565 3375 eorpus
578 3280 739 3367 animale,
765 3280 899 3375 resurget
919 3299 1027 3374 corpus
1039 3274 1195 3376 'spirirald
1228 3280 1297 3357 His¹

239 3378 407 3454 omnibus
428 3379 603 3469 eiusmodi
619 3384 663 3455 ab
682 3379 867 3473 Apostolo
887 3377 1141 3474 subjiciuntur,
1167 3382 1298 3472 quibua

202 3521 206 3529 ·
237 3497 309 3552 nos
324 3491 501 3550 terrenam
523 3483 727 3570 qualitatem
742 3483 790 3555 sie
805 3479 874 3555 effe
893 3480 1074 3573 posituros
1090 3478 1227 3573 doceo,
1253 3493 1296 3555 ut

224 3576 311 3673 [ip-sa
330 3579 367 3649 in
388 3560 644 3653 resurreetione
658 3580 790 3676 speeies
812 3582 907 3685 salva
926 3582 1137 3675 integraque
1158 3579 1295 3674 perma-

217 3676 333 3751 sucat.
387 3680 669 3768 Reuerendo,
689 3681 833 3775 fratres,
859 3686 1006 3780 quoniam
1022 3704 1093 3763 caro
1109 3676 1150 3757 (5
1159 3685 1292 3777 [arguis

237 3801 363 3868 reguum
394 3784 457 3848 Dei
481 3776 627 3878 poffidere
650 3798 835 3876 nequeumt,
867 3804 967 3879 mque
997 3778 1154 3873 corruptio
1188 3786 1293 3859 iocor«.

233 3882 422 3972 ruptionem.
474 3878 548 3952 Eril
569 3882 661 3956 enim
679 3878 825 3962 fortalle
848 3882 1014 3954 eximium
1034 3878 1200 3971 quiddam
1218 3878 1292 3953 san·
1341 3915 1348 3921 ·

164 4026 168 4037 ι
234 3976 373 4048 diorum
400 3980 549 4070 corpori
572 3981 918 4073 tribuendum‘erit,
948 3993 990 4050 ut
1015 3979 1051 4052 id
1077 3981 1191 4052 carnis
1217 3976 1292 4071 ipsa
1354 4020 1356 4025 .

232 4077 437 4171 proprietas
455 4075 670 4178 conseruet,
696 4100 782 4256 capp
799 4095 920 4157 tameo
938 4082 1086 4176 amplius
1102 4099 1180 4157 non
1187 4079 1291 4248 prag,

801 4205 827 4276 4
932 4222 934 4227 -
1205 4199 1232 4247 θ.
1354 4248 1356 4251 ,
