3075 4875
390 405 592 484 rutra.
619 401 1101 496 decumanum
1203 341 1283 509 109⁸

209 584 347 663 vatore
360 568 486 644 nostro
502 568 657 642 dicatur:
683 571 723 638 Si
736 569 900 641 crederetis
912 568 1032 664 Moqss,
1058 566 1273 647 crederetis&

208 655 313 743 mihi:
343 672 379 740 de
395 694 442 739 me
457 676 543 738 enim
568 671 618 739 ille
635 668 762 763 scripfit.
815 672 854 741 Si
867 669 983 760 script
971 693 999 735 rs
956 668 1104 736 lidius
1125 694 1191 738 nou
1207 696 1275 741 cre.

207 774 315 862 datis,
342 770 486 868 quomodo
508 769 614 839 verbis
631 774 706 837 meis
726 764 889 839 credatis?
925 763 973 837 Et
995 768 1098 838 venit
1121 767 1159 839 in
1179 769 1297 844 hano
1333 823 1335 829 -

210 870 326 943 vitam
349 866 531 960 Christus,
557 868 865 961 &praenuntiatur
887 863 1069 937 Christus
1060 886 1096 937 m
1112 866 1272 941 hancvi·
1376 889 1380 898 ⁴

210 983 285 1042 tam
308 968 513 1041 adveniens.
563 967 599 1039 Si
624 964 772 1062 Moyses
798 968 843 1039 de
867 968 931 1039 illo
950 965 1008 1038 hic
1027 967 1293 1057 praenunciat3.

210 1089 289 1141 non
308 1067 366 1138 vis
386 1068 419 1139 ἃ
441 1064 552 1159 ipsum
569 1066 654 1138 illuc
672 1064 905 1155 descendisse,
932 1077 974 1135 ut
994 1062 1168 1137 Christum
1185 1088 1272 1157 prae·

210 1168 351 1241 diceret
362 1188 407 1238 eo
417 1164 673 1262 mrgraturum‘l
701 1162 949 1265 Quidporro?
972 1161 1121 1254 Moyses
1134 1164 1270 1259 adegit

209 1266 339 1357 reliqui
362 1264 551 1358 Prophetae
572 1286 647 1337 non
669 1263 783 1338 item?
809 1264 946 1337 Nonne
960 1260 1131 1335 Samuel?
1159 1265 1272 1359 Quid-

209 1374 294 1439 nam
314 1363 451 1437 absurdi
472 1363 548 1454 est,
581 1363 741 1458 medicos
761 1364 805 1438 ad
827 1364 918 1438 male
943 1359 977 1434 se
1001 1362 1172 1434 habentes
1198 1362 1272 1437 des·
1344 1457 1347 1461 Ι

211 1463 400 1537 tendere?
435 1463 533 1563 Quid
553 1460 691 1535 absurdi
719 1462 794 1556 est,
827 1462 1024 1557 principem
1048 1463 1284 1539 medicorum*
1365 1473 1367 1480 '

211 1565 257 1636 ad
273 1575 487 1677 egrotantes
507 1561 748 1636 descendere?
774 1564 829 1635 llli
845 1561 975 1638 med1c1
985 1560 1130 1651 quidem
1146 1577 1269 1675 erant,
1359 1566 1367 1577 '

210 1662 246 1735 u
264 1661 345 1734 sane
360 1663 460 1750 mult
451 1684 481 1734 r:
508 1675 544 1733 at
558 1662 735 1735 Dominus
752 1684 850 1737 meus
870 1664 904 1735 a
921 1662 1089 1755 Salvator
1103 1663 1269 1755 princeps

210 1781 339 1834 eorum
359 1760 419 1836 est.
470 1758 613 1834 Etenim
633 1762 815 1835 internum
829 1760 1056 1850 desiderium,
1085 1764 1272 1851 quodnon
1362 1837 1366 1846 ,

209 1858 331 1954 potest
348 1862 391 1932 ab
410 1862 483 1934 aliis
502 1862 635 1939 curari,
664 1875 765 1934 curat
782 1861 872 1953 ipse:
899 1859 996 1951 quod
1013 1881 1031 1930 a
1047 1861 1189 1931 nemine
1203 1884 1271 1954 po·
1364 1847 1375 1870 ⁸

210 1962 281 2032 tuit
298 1960 518 2032 medicorum
537 1956 667 2054 sanari,
696 1961 836 2034 sanatur
860 1981 880 2032 a
903 1957 1044 2031 Christo
1068 1958 1160 2051 Jesu.
1209 1959 1271 2033 Ne
1362 1950 1368 1963 ’

212 2061 350 2132 timeas.
401 2056 462 2130 Ne
480 2057 628 2133 mireris.
681 2058 839 2132 Christus
865 2062 902 2132 in
925 2058 1103 2130 infernum
1126 2056 1269 2132 descen·

210 2160 284 2248 dit,
311 2158 346 2228 ἃ
365 2171 547 2237 antaeum
569 2157 780 2251 Propheta,
807 2161 866 2251 qui
884 2158 959 2249 ejus
971 2148 1167 2230 adventum
1182 2178 1269 2249 prae·

209 2259 389 2330 dicebant.
439 2252 579 2330 Addam
593 2277 765 2350 praterea
791 2258 954 2349 darino,
980 2256 1101 2329 nescio
1122 2259 1270 2348 quidex

208 2356 280 2451 ipsa
303 2355 484 2449 scriptura.
545 2357 686 2431 Samuel
708 2358 890 2446 ascendit3
918 2344 1059 2430 &ecce
1079 2356 1160 2429 Saul
1182 2356 1270 2430 dicit
1300 2446 1302 2450 Ι

208 2453 244 2531 se
265 2455 389 2528 uidisse
404 2475 571 2530 animam
597 2479 673 2531 non
690 2459 777 2531 dreit
791 2459 971 2532 hommem
986 2457 1019 2530 se
1038 2455 1173 2530 vtdrlse
1206 2456 1270 2529 Ti·
1316 2529 1322 2539 ,

207 2558 319 2652 mam,
348 2576 452 2646 quem
471 2556 581 2627 vidit:
609 2573 763 2650 atquem
777 2556 899 2630 vidit?
928 2561 1030 2638 Deos,
1056 2557 1193 2648 inquit,
1220 2580 1270 2651 ego

209 2660 304 2747 vidi,
330 2659 396 2725 deos
412 2657 607 2742 ascendentes
623 2673 748 2728 eterra.
802 2655 1004 2729 Etfortass'e
1020 2670 1107 2727 tunc
1125 2676 1200 2729 non
1214 2655 1269 2729 so·

210 2756 265 2828 lus
279 2752 434 2828 ascendit
448 2755 585 2828 Samuel
602 2755 695 2828 Sauli
713 2758 985 2850 vaticinaturus„
1037 2755 1106 2826 Sed
1120 2755 1270 2828 consen·

210 2868 357 2929 taneum
377 2852 452 2947 est‘,
479 2855 780 2945 quemadmodum
808 2857 884 2929 hic:
921 2861 999 2926 Cum
1014 2853 1125 2945 flantia
1137 2854 1270 2941 lansius

212 2965 293 3042 eris,
320 2956 358 3029 (J
374 2978 440 3022 cum
459 2955 584 3025 humine
608 2960 774 3029 innocente
793 2961 944 3025 innocens
961 2963 1046 3039 eri15
1072 2952 1110 3030 (Γ
1127 2979 1194 3024 cum
1211 2955 1269 3040 ele,-
1344 3014 1347 3029 ,

211 3053 260 3128 llo
273 3051 475 3125 elesiuseris:
500 3050 650 3144 suntque
664 3054 721 3126 hic
732 3052 929 3128 santiorum
948 3075 1027 3127 cum
1044 3052 1165 3126 sanclis
1182 3073 1269 3126 con-

211 3152 433 3240 suetudinem
458 3168 494 3225 at
508 3174 583 3224 non
601 3151 800 3225 sanctorum
819 3175 898 3226 cum
911 3154 1266 3248 praevaricatoribus.

212 3253 292 3327 &u
319 3253 532 3345 quandoque
557 3251 636 3324 fieri
664 3251 787 3347 possit,
814 3270 857 3324 ut
880 3253 1076 3325 sanctorum
1095 3274 1165 3327 una
1187 3262 1278 3326 c'um'

210 3352 461 3448 peccatoribus
483 3352 706 3424 consuetudo
728 3353 792 3445 fit,
827 3368 867 3425 ut
894 3367 1105 3446 peccatores
1133 3338 1269 3427 saslaen'·
1375 3411 1377 3415 .

211 3466 279 3524 tur
331 3452 360 3524 F
363 3449 492 3523 ortasio
517 3455 582 3524 hac
606 3453 748 3525 ratione
772 3474 844 3524 una
867 3454 947 3525 edm
967 3452 1128 3524 Samuele
1151 3451 1268 3524 ascen·

212 3552 320 3626 dente
336 3550 570 3624 ascenderunt
586 3551 692 3624 etiam
708 3554 858 3623 aliorum
872 3549 1128 3647 Prophetarum
1145 3554 1268 3626 animo

203 3650 346 3727 -sanslm
387 3646 519 3722 Forsan
539 3669 693 3740 quaeres,
720 3671 762 3722 an
779 3649 912 3724 suerint
934 3651 1064 3746 Angeli
1085 3647 1188 3767 super
1202 3652 1268 3743 spi·

210 3754 338 3824 ritibus
363 3768 500 3822 eorum.
550 3749 732 3841 Propheta
755 3752 867 3822 dicit·
895 3755 1056 3842 Ang‚elus
1086 3759 1142 3846 qui
1168 3753 1269 3847 loqui·

211 3867 321 3923 turm
336 3874 394 3923 me.
446 3848 518 3921 Vel
538 3849 667 3943 Angeli
681 3868 806 3941 erant,
835 3852 893 3941 qui
907 3871 977 3921 una
993 3872 1073 3922 curn
1088 3850 1267 3942 spiritibus

209 3951 467 4039 ascenderunt,
502 3951 690 4036 omniaque
716 3950 758 4021 ad
792 3950 972 4043 egentium
999 3948 1142 4022 salutem
1169 3955 1274 4022 comi

208 4052 330 4146 plent:
359 4050 407 4122 Et
420 4056 610 4140 omneslunt
620 4055 758 4146 ,spiritus
775 4044 1010 4149 manducantes,
1036 4060 1090 4148 qut
1104 4060 1147 4136 jn
1168 4054 1268 4120 mmi-
1328 4059 1331 4066 “

1095 4153 1224 4248 statum
