3075 4875
269 411 272 416 ·
391 379 1099 478 'sstscrii1iiisrsaimos
1189 341 1275 497 ‘225
1356 445 1358 450 ,

291 555 474 655 Ejusdem]
502 562 674 657 Quatuor·
688 560 873 634 hominum
894 579 1024 656 genera
1044 549 1274 636 licitantes.-

212 655 270 734 sus
294 657 470 731 Christum
491 658 739 753 insurrexisse,
772 672 920 755 gentes,
952 681 1028 752 qiiae
1050 661 1274 736 fremuerunt
1362 673 1364 681 ⁴

156 841 159 854 τ
214 776 347 832 contra
362 759 497 851 ipsum,
523 760 705 851 populos,
734 766 791 848 qui
811 760 969 831 meditati
986 755 1216 849 summania,-
1237 758 1274 832 bt

156 863 159 870 “
212 879 317 953 reges
333 874 456 948 terrae,
482 861 541 948 qui
555 857 764 931 adstiterunt
780 880 859 931 cuni
876 857 1098 949 Principibus
1111 860 1147 929 iti
1162 878 1274 934 unum

214 959 453 1051 congregatis.
504 954 552 1027 Et
567 960 778 1029 arbitramur
795 959 935 1048 quidem
948 959 1107 1053 gentium
1124 959 1273 1032 nomine

156 1049 165 1170 Ι
212 1060 351 1129 alienos
373 1078 394 1127 a
413 1054 483 1127 lide
506 1056 673 1151 dehgnari
692 1059 883 1148 homines,
911 1058 1157 1149 qualeserant
1183 1057 1272 1130 mili·

160 1243 165 1258 ⁸
213 1169 290 1248 tes,
315 1156 376 1245 qui
390 1153 558 1228 adversus
577 1169 657 1228 euin
673 1155 917 1243 fremiieruiit3
942 1156 1101 1248 populos
1121 1175 1213 1227 vero
1232 1157 1273 1228 il·

161 1269 165 1308 ·
210 1254 269 1327 los
288 1276 335 1326 eii
358 1256 520 1326 tribubus
539 1255 633 1344 dici,
667 1257 731 1346 qui
746 1253 872 1328 exsecti
893 1269 997 1328 erant
1019 1252 1273 1350 (nequeenim

211 1354 361 1458 proprie
380 1354 570 1427 dicendum
589 1353 661 1445 est,
687 1376 774 1445 eos,
801 1353 1051 1444 quishristum
1072 1375 1147 1427 non
1171 1375 1273 1434 rece-
1363 1375 1370 1397 r

210 1461 364 1547 perurit,
392 1474 436 1525 eii
470 1454 736 1526 circumcisione
768 1452 896 1551 fuisse)
924 1454 1150 1545 quiquidem
1178 1473 1273 1528 vana

163 1593 166 1650 l
211 1550 494 1640 meditulium,
522 1573 603 1625 cuin
625 1553 662 1626 in
679 1553 843 1645 perlettis
865 1576 884 1625 a
907 1552 941 1625 se
960 1552 1182 1646 propheticis
1204 1552 1273 1625 ser·

163 1675 166 1720 i
197 1654 379 1725 ‘monibus
405 1653 656 1723 annunciatum
687 1651 862 1727 Christum
893 1673 970 1723 nori
1001 1653 1271 1728 intellexerunt.

163 1793 165 1844 3
210 1749 328 1845 Reges
348 1765 452 1822 teriae
474 1751 706 1842 &principes
722 1766 852 1840 erunt,
879 1750 1046 1824 Herodes
1068 1750 1272 1824 &Pontius

161 1897 167 1950 Ι
211 1848 344 1922 Pilatus
368 1849 404 1919 bi
423 1847 554 1941 judaici
578 1852 704 1941 populi
731 1849 902 1942 presides.
956 1849 1096 1921 Horum
1117 1851 1209 1921 enim
1236 1849 1273 1922 &

159 1959 166 2040 l
210 1948 317 2022 divus
333 1946 458 2019 Petrus
479 1947 674 2040 Apostolus
697 1946 874 2041 speciatim
896 1947 1057 2022 meminit
1069 1948 1107 2019 in
1121 1946 1273 2020 Actibus

158 2065 161 2082 ·
210 2046 503 2138 Apostolorum,
535 2049 596 2118 uhi
616 2046 710 2119 hisce
729 2050 843 2119 utitur
859 2047 991 2120 verbis.
1049 2047 1163 2145 Quod
1184 2046 1208 2119 fi
1237 2047 1274 2119 ὰ

156 2185 159 2238 ;
210 2146 404 2219 invisibiles
430 2144 500 2218 else
520 2146 900 2239 potestatesdiiieris,
933 2166 1009 2224 non
1035 2146 1271 2236 aberraveris.

211 2244 321 2317 Certe
330 2244 589 2336 sapientissimus
603 2244 803 2337 Apostolus
818 2247 886 2326 illis
900 2245 1152 2341 multomagis,
1166 2266 1273 2336 quam

209 2346 416 2418 hominibus
444 2343 570 2417 Christi
594 2339 739 2424 ctu'cein
764 2345 929 2418 attribuit
955 2335 1106 2417 diceris:
1140 2345 1273 2443 bbpi'en-

209 2451 410 2517 liamcuiem
425 2447 584 2542 loquimur
603 2444 689 2517 inter
702 2444 874 2541 perscissa:
899 2447 1088 2540 sapientiam
1107 2469 1183 2528 vcro
1204 2469 1274 2516 non

209 2549 310 2643 liujus
318 2545 445 2636 seculi,
472 2568 568 2642 mque
585 2550 760 2642 primipiim
778 2547 875 2643 hujus
887 2546 1010 2632 saculi,
1035 2550 1092 2640 qui
1110 2545 1272 2640 destruun-

208 2663 288 2718 iiirr
311 2646 530 2740 reliquimur
548 2646 808 2740 Deisapimtium
827 2653 863 2715 in
882 2644 1039 2741 mpfleiio,
1066 2670 1133 2740 quae
1149 2645 1273 2731 abscom

211 2747 282 2819 sito
299 2746 357 2841 est,
382 2770 475 2842 quam
493 2747 729 2841 pradestinavit
757 2750 848 2816 Deus
871 2763 950 2814 irrite
959 2745 1070 2832 lucili
1088 2749 1124 2812 in
1139 2747 1273 2836 gloriam

210 2846 370 2942 rioflram,
394 2870 488 2940 quain
511 2870 599 2915 nemo
615 2851 794 2938 principum
814 2846 914 2940 hujus
932 2844 1039 2934 saeculi
1062 2848 1225 2935 cognovit:
1242 2841 1273 2940 fi

213 2940 296 3016 enim
307 2940 536 3038 cognovissent,
552 2968 717 3038 nunquam
738 2949 908 3015 Dominum
916 2945 1020 3034 gloriar
1034 2940 1273 3032 crucifixissent.

215 3045 371 3142 Quinam
399 3045 494 3115 enirn
514 3043 694 3138 principes
725 3040 900 3115 Christum
923 3043 1045 3138 gloriae
1073 3040 1274 3115 Dominum
1381 3104 1384 3113 .

212 3140 493 3234 crucifixerunt,
520 3142 589 3215 Dei
610 3140 813 3235 sapientiam
836 3162 910 3214 non
931 3136 1163 3235 agnoscentes
1186 3137 1274 3215 &se

210 3262 360 3334 quoque
372 3239 574 3334 sapientiam
589 3242 761 3335 quandam
777 3241 907 3313 habere
918 3239 1155 3313 existimantes
1170 3292 1182 3330 ,
1208 3239 1274 3315 nili

212 3343 286 3433 illi,
312 3343 426 3434 quiin
447 3340 637 3434 Prophetis
656 3354 1005 3431 commemorantur,
1031 3340 1198 3432 princeps
1219 3361 1275 3413 re·

235 3445 272 3516 ni
286 3440 487 3532 Persarum,
516 3441 731 3534 &princeps
748 3442 848 3535 regni
868 3439 1102 3532 Graecorum,
1129 3437 1162 3509 bi
1185 3460 1273 3512 cori·

210 3466 402 3634 {equenter
423 3542 638 3632 reliquarum
661 3536 1045 3636 gentiumprincipes?
1061 3540 1187 3609 'Gentes
1208 3538 1274 3610 ita·

215 3664 286 3735 que
302 3641 524 3734 fremuerunt,
550 3639 678 3732 idest,
705 3654 745 3710 ut
764 3639 896 3730 Aquila
918 3638 1046 3712 clarius
1060 3637 1274 3728 interpreta-

213 3757 274 3817 tus
295 3740 372 3832 est,
399 3742 631 3815 turbaverunt..
670 3738 792 3811 Dissio
814 3752 953 3830 autem,
974 3736 1198 3829 fremuerunt,
1222 3736 1274 3808 in·

213 3840 402 3917 conditum
421 3838 649 3933 representat
665 3839 954 3911 tumultuantium
981 3835 1185 3928 strepitum,
1212 3854 1273 3906 cu·

207 3941 372 4037 ¹jusmodi
388 3939 469 4014 sunt
487 3940 535 4032 ii,
561 3941 619 4033 qui
639 3960 682 4010 eii
699 3938 828 4010 insidiis
846 3936 1031 4008 'concitate
1051 3935 1217 4006 seruntur
1233 3934 1273 4006 iii

214 4039 349 4118 hostes.
401 4039 556 4139 Quodsi
580 4037 708 4131 reliqui
727 4039 943 4130 interpretes
966 4055 1044 4113 non
1060 4030 1271 4122 vertissent,

267 4145 412 4238 Originis
442 4131 530 4218 iim.
561 4140 642 4221 Vll.
703 4138 708 4148 '
848 4135 876 4210 P
1115 4132 1223 4206 raiba-
