3075 4875
291 458 375 539 nt
399 418 593 537 nmium
617 393 929 537 suenorum
955 455 1085 536 uon.
1114 456 1152 556 r,
1220 447 1274 557 η’
1360 421 1367 459 ⁴

200 622 336 708 Nolite
358 641 446 724 ergo
469 622 506 696 iu
526 619 632 694 nobis
652 618 741 697 iilud
761 620 970 714 requirere,
998 622 1096 712 quod
1117 622 1154 695 in
1175 624 1267 717 papa

198 721 412 798 Alexandro
428 721 579 796 habetis.
629 719 920 815 Faternureninr,
949 721 1264 811 quodumuesnos

196 821 344 918 superat
359 820 399 896 in
422 821 534 917 gratia
559 819 727 924 lenipatis.
780 817 891 911 Cujus
917 821 1037 916 gratiae
1062 841 1138 894 non
1166 815 1261 895 solus

165 975 171 988 .
198 942 270 1017 ego
282 919 498 1015 praedicator
508 916 644 1018 existo,
670 914 728 991 sed
745 940 955 991 vosomnes
970 922 1109 1012 experti
1127 942 1263 1016 cogno·
1375 976 1377 980 2

199 1018 295 1097 scitis
313 1018 535 1115 &probatis
585 1017 634 1090 Et
648 1017 732 1094 ideo
753 1019 910 1111 ejusdem
927 1020 1066 1112 quidem
1082 1021 1153 1116 agri
1163 1023 1264 1113 pian-
1359 1055 1368 1066 ν

198 1124 244 1193 tae.
263 1116 527 1214 enepossumus
545 1117 789 1216 &optamus,›
805 1139 881 1190 non
897 1133 1015 1192 tamen
1034 1122 1197 1193 eumdem
1216 1120 1265 1192 sa·
1324 1209 1331 1219 ,

225 1239 329 1292 orem
344 1217 507 1295 reddere.
558 1215 600 1299 ln
615 1215 786 1292 fructibus
803 1220 944 1309 quidem
962 1216 1178 1292 confitemur
1193 1240 1263 1294 nos

199 1244 335 1397 Rabere
352 1318 482 1407 aliquid
498 1316 735 1391 amaritudinis
746 1318 786 1388 in
803 1315 949 1410 sapore,
977 1332 1038 1391 aut
1050 1317 1148 1398 forte
1165 1318 1264 1409 quod
1384 1311 1387 1320 “

198 1417 348 1489 videtur
358 1418 488 1512 magis,
516 1436 620 1507 quarn
637 1416 679 1489 stt
696 1436 869 1492 amarum:
897 1415 1102 1508 quiaienno
1119 1438 1264 1510 correp·
1307 1489 1310 1498 ,

199 1517 312 1592 tionis
340 1535 476 1593 amarus
503 1514 645 1605 quidem
676 1514 823 1587 videtur
858 1515 950 1610 eise,
978 1516 1060 1589 dunr
1093 1509 1264 1609 corripit,

201 1616 315 1692 duicis
345 1628 465 1687 autem
488 1611 667 1703 efficitur,
691 1635 785 1687 curn
811 1616 987 1710 emendat.
1011 1661 1013 1673 ·
1039 1616 1134 1688 Vide
1157 1619 1265 1692 etiarn
1368 1695 1372 1700 ,

201 1716 306 1810 ipsrus
339 1713 489 1790 Domini
515 1711 549 1784 u
573 1713 772 1802 Salvatoris
805 1714 916 1787 nostri
942 1713 1147 1807 sermones,
1183 1717 1294 1806 quie

200 1836 276 1893 non
295 1834 422 1887 omnes
445 1813 701 1888 beatitudinem
726 1816 939 1905 continent,
977 1835 1045 1887 nec
1069 1836 1196 1888 omnes
1219 1816 1265 1889 de
1364 1841 1366 1846 ·

202 1914 311 1988 venia
332 1912 367 1987 dt
384 1912 604 2013 induigentia
622 1912 886 2006 protestantur,
913 1911 971 1986 sed
989 1911 1070 1989 i'unt
1087 1915 1123 1985 in
1141 1916 1265 1985 verbis

207 2013 316 2089 etiamv
335 2012 492 2104 quaedam
516 2009 650 2087 austera
673 2011 706 2083 u
732 2012 871 2115 tristia.⁴
919 2011 1019 2084 Sicut
1044 2014 1136 2115 enirn
1157 2013 1265 2114 dicit:
1313 2091 1315 2096 ,

207 2111 326 2201 Beati,
355 2112 414 2202 qui
429 2111 550 2184 haec&
568 2112 784 2205 haecagunt,
810 2112 859 2184 ita
878 2111 987 2202 dicit,
1014 2134 1068 2183 vae
1085 2112 1175 2203 illis,
1202 2113 1280 2203 qui,

203 2210 278 2287 haec
306 2211 339 2282 dr
363 2212 440 2282 inec
463 2217 623 2305 egerunt.
654 2210 757 2311 ¹Ego
781 2210 856 2283 hoc
882 2213 987 2284 etiarn
1009 2213 1045 2283 in
1071 2211 1265 2305 Prophetis

204 2308 443 2407 perscrutatus
461 2307 556 2403 sum,
570 2308 617 2386 ·&
631 2310 756 2382 inueni
770 2312 891 2409 paucis
905 2310 1163 2403 Prophetarum
1173 2310 1264 2384 istud

206 2408 273 2484 effe
293 2407 517 2500 corretion,
543 2417 586 2493 ut
598 2421 778 2501 nunquam
798 2410 928 2502 uliquid
945 2413 1089 2504 populis
1107 2431 1263 2485 amarum

192 2509 374 2584 -ruttriste
386 2504 643 2605 loquerentur,
660 2508 720 2582 sed
731 2509 992 2602 duiciasernper
1007 2511 1041 2582 dt
1057 2512 1161 2604 ienis.
1189 2510 1265 2582 Ob·
1345 2566 1349 2576 r

157 2600 174 2631 '⁸
205 2607 380 2687 servatum
396 2624 514 2684 tamen
529 2608 579 2680 est
594 2630 613 2680 a
631 2608 813 2704 prioribus
830 2609 981 2703 nostris,
1009 2612 1109 2700 quod
1122 2612 1161 2682 irr
1179 2610 1266 2702 psai·

204 2712 265 2782 nis
283 2707 534 2784 tantummodo
558 2710 628 2781 illis
645 2710 745 2799 {qui
774 2711 999 2781 uttitttiantur
1026 2714 1124 2779 diliis
1144 2711 1266 2798 Chore,
1377 2724 1383 2802 j

205 2809 238 2881 in
256 2810 336 2900 ipiis
356 2806 437 2880 solis
457 2808 542 2880 nihii
557 2808 798 2879 amaritudinis
816 2810 876 2880 vei
892 2807 1101 2880 austeritatis
1120 2809 1268 2881 videtur
1372 2868 1374 2875 ,

206 2907 346 3000 inferri,
386 2907 445 2981 sed
461 2909 534 2981 huc
553 2908 605 2979 eis
621 2907 715 2997 quasi
737 2906 863 2979 divino
888 2912 1039 2979 munere
1059 2906 1265 2982 coneeiinm

156 3018 160 3025 '
208 3006 279 3099 est,
317 3022 360 3077 ut
378 3006 533 3084 nominis
560 3026 686 3084 corum
706 3005 828 3098 psalmi
854 3003 990 3097 semper
1013 3007 1092 3078 laeta
1116 3027 1267 3098 quaeque
1343 3024 1348 3028 ’

156 3108 174 3195 i¹
207 3108 426 3182 contineant.
477 3103 539 3177 Est
561 3125 649 3199 ergo
669 3106 774 3176 ctiam
797 3107 832 3176 iu
849 3105 929 3198 ipsis
946 3104 1137 3198 Prophetis
1154 3109 1268 3183 motta
1294 3192 1296 3201 ,

208 3206 398 3283 diversitas.
450 3203 524 3276 Aiii
542 3203 672 3296 tristia,
699 3205 848 3276 uliilaeta
865 3204 1092 3279 denunciant.
1142 3205 1211 3301 Sed
1228 3207 1265 3281 dt

158 3324 164 3371 τ
208 3305 273 3397 ipse
293 3303 492 3397 Apostolus
512 3303 664 3394 Paulus,
692 3306 752 3394 qui
773 3305 933 3377 inritator
954 3303 1006 3376 est
1021 3303 1177 3396 Christi,
1203 3307 1264 3378 ha·

159 3394 164 3449 ³
208 3405 286 3477 bere
301 3402 336 3476 se
351 3405 439 3475 dicit
451 3405 608 3497 virgam,
636 3401 680 3474 ad
697 3423 761 3474 eos
781 3405 927 3495 utiquc,
954 3404 1013 3494 qui
1027 3404 1188 3498 indigent
1202 3404 1267 3477 dii-

209 3505 353 3597 cipiina:
377 3503 464 3574 &in
482 3500 603 3594 spiritu
619 3500 895 3574 mansuetudinis
909 3506 1038 3574 venire
1052 3504 1197 3597 sedicit,
1218 3504 1265 3581 ad
1326 3567 1332 3587 ,

212 3625 268 3676 eos
294 3599 491 3698 profedio,
524 3621 677 3692 quorum
700 3602 778 3673 vita
801 3602 913 3695 cuipis
938 3607 1098 3677 careban·
1146 3602 1195 3674 Et
1215 3607 1288 3682 ita]

161 3774 163 3779 .
211 3701 386 3776 invenitur
402 3702 440 3773 in
456 3721 525 3773 unu
538 3699 732 3791 eademque
744 3702 820 3791 ejus
833 3699 982 3792 epistola
995 3700 1109 3774 senno
1127 3703 1267 3776 drama·

160 3800 167 3885 ‚'
211 3821 260 3874 rus
280 3803 313 3874 u
335 3802 462 3874 dulcis.
515 3799 663 3870 Sicut&
685 3799 728 3898 ad
747 3799 960 3872 Corinthios
980 3801 1018 3872 in
1034 3802 1146 3894 prima
1165 3818 1272 3893 parte

160 3888 173 3979 'a
210 3905 327 3995 prioris
346 3900 504 3994 epistoiae
522 3898 632 3990 dicit,
660 3898 742 3988 quia
755 3906 795 3969 in
806 3899 946 3968 omnibus
966 3904 1083 3977 diones
1089 3899 1177 3994 fasir
1196 3903 1273 3997 asiis
1366 3956 1368 3959 ψ

211 4005 329 4102 inipso,
355 4007 394 4072 in
412 4005 500 4070 omni
515 3999 631 4080 verbo,
657 3999 695 4072 (5
712 4001 751 4069 in
764 4004 852 4072 nmen*
861 3999 1018 4088 seientia,
1032 4001 1119 4092 ‘ficut
1140 4002 1269 4096 refluun-

164 4144 167 4151 ·
212 4108 287 4179 niam
308 4099 433 4205 carim·
450 4099 731 4277 cerrfitmatrrmeg
754 4103 791 4170 in
809 4100 928 4194 orbis,
954 4105 1004 4176 ite
1019 4117 1057 4178 ut
1075 4102 1271 4310 nidiingiir

619 4266 623 4275 .
757 4222 781 4300 5
1182 4216 1241 4280 cr
1337 4298 1339 4303 ,
