3075 4875
169 524 172 528 ι
243 447 396 585 44
495 447 987 601 ¹vo'nro'nurs
1119 417 1122 430 ⁵

245 668 310 744 per
325 644 516 739 vehicula,
543 643 577 719 dt
595 643 698 738 super
718 646 825 748 asinas
846 647 1077 743 refulgentes.
1127 647 1223 724 Mrlri
1242 670 1305 725 ve·

167 789 176 802 ·
244 750 301 821 lut
313 747 347 819 in
366 747 457 818 locis
477 747 528 818 ita
546 744 745 820 difficilibus
765 748 837 819 tale
861 746 991 840 aliquid
1008 747 1185 825 videtur:
1222 771 1304 825 cum

241 847 442 941 jumentum
457 845 552 938 hoc,
567 843 604 919 id
617 843 689 938 est,
706 855 840 941 corpus
856 868 994 939 meum,
1011 846 1072 939 ¹sub
1086 849 1174 945 jugo
1194 871 1305 924 vene·

246 948 294 1017 rit
308 946 409 1018 verbi
428 944 520 1046 Dei,
545 960 634 1018 tunc
659 946 866 1019 vehiculum
881 947 1046 1039 corporis
1062 950 1132 1021 mei
1152 949 1305 1043 resplen-

247 1045 332 1118 dere
348 1043 515 1136 inclpiett
541 1043 574 1118 o
590 1046 682 1120 asma
694 1046 790 1138 hac,
817 1045 851 1118 id
867 1045 938 1138 est,
957 1065 1041 1117 caro
1056 1067 1136 1120 mea
1148 1056 1236 1121 tunc
1248 1056 1306 1123 re·

168 1161 170 1165 ’
243 1145 383 1242 fulgere
392 1143 545 1237 dicetur,
554 1161 635 1218 cnm
651 1143 819 1217 castitatis
833 1165 874 1217 ac
883 1144 1062 1238 pudicitia
1075 1143 1184 1219 fuerit
1192 1147 1306 1242 splen·

245 1244 335 1317 dore
353 1243 533 1317 decorata.
565 1282 568 1287 ·
585 1240 634 1316 Et
649 1244 699 1317 ita
715 1241 960 1318 rotie-dicitur
977 1245 1095 1317 anima
1113 1242 1238 1321 sedens
1254 1248 1307 1323 su·

244 1362 309 1439 per
328 1342 459 1414 vasrnam
480 1339 764 1437 resplendentem
786 1343 983 1416 Dominum
1004 1344 1242 1441 benedicere,
1270 1350 1306 1421 dc

243 1443 282 1515 in
302 1442 421 1514 medio
435 1442 630 1516 laetantium
646 1443 789 1515 laudare
805 1442 935 1518 Deum.
966 1441 1018 1536 lbi
1031 1446 1152 1517 dabunt
1159 1448 1305 1543 juliolos

191 1551 199 1558 “
248 1545 399 1617 Domino.
451 1537 671 1630 Sacrificium
692 1542 853 1616 Domino
863 1543 964 1615 lillud
987 1540 1038 1615 est
1058 1548 1303 1641 acceptabile,

244 1637 343 1733 qrrod
358 1639 395 1714 in
407 1639 539 1734 justitia
553 1641 707 1715 offertur
725 1641 886 1714 Domino
902 1640 936 1714 dt
951 1643 1127 1733 aequitate.
1153 1640 1202 1715 Et
1217 1646 1302 1719 ideo

243 1740 394 1813 dicitur:
424 1739 514 1840 Jufli
525 1742 702 1835 confortati
710 1741 791 1831 sum
805 1747 841 1811 in
855 1741 962 1827 Israel.
1013 1740 1054 1813 In
1072 1743 1145 1817 aliis
1162 1745 1304 1835 quidem

244 1841 440 1937 gentibus,
474 1842 533 1933 qui
558 1837 723 1937 corporis
751 1840 886 1916 robore
911 1839 1083 1915 fortiores
1110 1841 1220 1935 sunt,
1251 1844 1303 1917 illi

235 1950 415 2033 potentes
437 1942 603 2015 dicuntur
619 1944 655 2014 in
670 1941 815 2034 prelio:
840 1938 878 2014 in
893 1938 999 2014 lsrael
1018 1960 1135 2034 vero,
1167 1943 1228 2034 qui
1247 1943 1303 2036 ju·

241 2038 369 2114 stiores
384 2038 485 2134 sunt,
511 2041 573 2133 ipsi
593 2040 1059 2134 potentioresdicuntur-ln
1075 2040 1194 2114 bellis:
1221 2044 1302 2134 quia

240 2137 394 2232 justitia,
421 2140 552 2213 etiamsi
573 2140 708 2211 vin'bus
724 2135 864 2212 infirme
880 2138 945 2230 fit,
971 2140 1111 2213 vincit:
1134 2140 1303 2233 injustitia

241 2258 357 2330 vero,
384 2239 446 2312 etsi
463 2237 644 2312 multos&
662 2236 802 2311 validos
822 2258 870 2330 pu
920 2251 1039 2311 atores
1052 2239 1212 2330 babeat,
1250 2241 1303 2314 su·

240 2351 398 2433 peretur.
450 2336 509 2412 Sic
527 2339 633 2434 igitur
654 2338 691 2409 in
716 2337 846 2432 haege
889 2359 912 2409 e
935 2335 1080 2430 nostra,
1100 2338 1140 2411 'id
1165 2338 1237 2432 est,
1262 2341 1301 2413 in

240 2439 381 2533 populo
400 2437 491 2530 Dei,
517 2460 582 2533 per
597 2433 991 2532 justitiam-superamus
1003 2439 1017 2532 ,
1031 2451 1105 2513 *aut
1124 2458 1189 2535 per
1207 2439 1300 2534 inju-

241 2539 369 2614 stitiam
395 2539 585 2613 vincimur.
1043 2567 1045 2572 ’
1118 2606 1120 2610 ,
1259 2545 1266 2568 “

315 2641 350 2712 6.
379 2640 504 2732 Exurge
524 2639 681 2725 vellera,
707 2638 832 2729 exsurge
848 2632 891 2720 y&
901 2634 1018 2724 sttscr'ta
1032 2637 1114 2708 dena
1128 2641 1228 2711 aridia
1243 2657 1300 2736 po-

237 2738 319 2836 puli.
346 2736 540 2831 Prophetia
555 2736 697 2830 quando
715 2733 894 2833 exsurgit?
922 2734 1091 2813 Profecto
1111 2736 1148 2812 in
1165 2740 1302 2812 adven-

213 2902 215 2904 ,
240 2851 283 2910 tu
297 2836 464 2923 Domini:
491 2837 617 2922 &non
637 2837 749 2909 solum
765 2832 1030 2932 ipffiexsurgit,
1056 2836 1114 2909 sed
1132 2839 1166 2911 dt
1181 2859 1301 2933 popu-

239 2939 296 3010 los
317 2934 458 3011 suscitat
478 2937 521 3011 ad
533 2936 761 3011 credendum.
815 2934 985 3032 captivam
1003 2938 1106 3006 ducito
1125 2943 1300 3035 captivita-

237 3040 365 3129 temfili
380 3039 541 3110 Alinoem.
594 3034 777 3109 Abinoem
793 3031 975 3126 responsio
997 3035 1106 3127 patris
1123 3036 1299 3132 interpre-

234 3149 346 3212 tatur.
371 3138 486 3230 Hujus
503 3135 595 3211 filius
612 3135 663 3207 est
678 3133 824 3209 Barach.
852 3132 1108 3228 Captivitatem
1127 3135 1172 3209 de
1187 3136 1298 3210 hosti·-¹

232 3236 306 3309 bus
326 3238 470 3329 capiet,
506 3237 567 3331 qui
596 3231 739 3307 celestis
762 3231 872 3325 patris
895 3230 1061 3324 responsa
1085 3231 1296 3320 servaverit.

237 3339 378 3407 Domine
402 3337 538 3406 humilia
558 3336 640 3405 mile·
655 3333 808 3427 fortiores
829 3356 886 3409 me.
936 3333 1025 3406 Vox
1050 3331 1114 3405 ista
1136 3330 1297 3411 fidelium

235 3433 309 3527 e‘st,
336 3431 588 3525 confitentium
605 3433 828 3528 srmplicite'r,
856 3430 1029 3506 fortiores
1045 3430 1114 3505 elie
1128 3435 1295 3508 inimicos

227 3532 347 3626 snos,
380 3533 564 3609 adversum
587 3554 677 3626 quos
698 3532 804 3611 nobis
829 3552 947 3626 pugna
969 3531 1003 3603 dt
1023 3546 1205 3605 certamen
1224 3533 1294 3608 est:

234 3632 317 3726 q'uia
333 3653 410 3706 non
425 3634 476 3708 est
489 3636 595 3708 nobis
615 3653 733 3729 pugna
757 3630 925 3704 adversus
943 3649 1086 3704 carnem
1109 3630 1311 3730 &sangui-v

215 3752 326 3823 nem.
378 3732 554 3826 Alioquin
573 3754 647 3808 non
669 3729 756 3805 eliet
775 3730 881 3804 nobis
904 3729 1039 3803 fortior
1060 3729 1293 3808 adversarius.

229 3831 303 3906 Sed
328 3833 497 3924 quoniam
522 3829 707 3907 adversum
727 3830 977 3927 principatus,
1011 3831 1044 3902 dt
1067 3829 1292 3926 potestates,

231 3933 265 4006 tc
291 3931 475 4010 adversum
501 3933 623 4008 mundi
642 3930 752 4022 ⁸hujus
777 3927 935 4002 rectores
964 3931 1221 4024 tenebrarum,
1258 3931 1296 4005 du

230 4030 413 4108 adversum
432 4033 598 4129 spiritalia
612 4022 778 4123 nequitiae
798 4026 848 4105 eli
863 4027 1061 4122 luctamen,
1086 4029 1222 4104 idcirco
1243 4030 1295 4104 di·
1312 4086 1316 4091 -

223 4134 279 4207 cit
289 4133 489 4228 Propheta:
518 4137 665 4219 Domine,
690 4129 830 4200 humilia
844 4130 929 4200 mihi
936 4130 1090 4222 fortioro
1106 4154 1163 4200 me.
1189 4133 1295 4229 Quo·
1312 4160 1316 4169 ¹

581 4268 583 4273 ·
1024 4246 1030 4255 ’
1122 4231 1251 4305 mode¹
