3075 4875
1221 322 1384 330 .—-—-

320 393 677 483 sntucrn
702 396 1117 484 turannos·
1169 429 1266 507 41³
1365 391 1368 399 ’

284 545 463 663 Eiusdem]
490 566 561 638 Pro
579 533 707 640 mentis
722 563 852 639 affeitu
871 565 1076 640 hominibus¹
1093 567 1193 641 vices
1211 590 1268 642 re·
1305 579 1307 584 ’

205 666 360 759 pendis,
393 687 418 736 o
428 667 607 740 Domine
659 666 753 738 Nam
775 664 919 757 fandis,
948 687 1024 779 quae
1048 664 1267 746 sanciitatem

206 767 358 846 decent,
390 765 642 838 innocentibus
668 764 820 855 &justis
843 765 1119 857 convenientia,
1145 766 1266 841 eleiiis

206 866 240 936 dr
258 862 420 979 perfestis
438 863 594 957 perfeiia
609 865 791 952 tribuis;
780 866 824 935 ris
841 873 981 955 autern,
1008 885 1067 954 qur
1059 856 1266 940 'declinant

206 966 321 1054 avia,
348 964 645 1036 &contrarium
636 977 705 1048 uer
727 964 942 1055 ambulant,
958 984 1157 1058 congruum
1178 967 1266 1039 vitae

204 1060 313 1135 finem
337 1063 600 1138 accommodas.
652 1061 722 1136 Sed
746 1083 815 1153 qua
839 1061 1010 1137 ratione?
1036 1068 1200 1157 Quoniam
1224 1080 1264 1138 ru

199 1163 345 1290 papulum
363 1166 513 1233 humilem
523 1163 650 1251 salvum
666 1162 780 1254 ferrer.

249 1266 442 1355 Quoniam
460 1278 497 1332 ru
512 1262 706 1332 illuminabis
720 1265 880 1334 lacerarent
893 1286 991 1332 meam
1006 1264 1154 1348 Domine,
1173 1265 1265 1334 Deus

204 1383 289 1431 meus
305 1362 494 1431 idumrnaiis
518 1364 660 1432 tenebras
672 1387 761 1433 meas
768 1359 884 1455 ,.Uc]
913 1362 1078 1433 Lucerna
1096 1364 1264 1453 corporis
1334 1421 1338 1430 .

204 1459 256 1536 est
278 1462 417 1535 oculus.
468 1460 576 1534 Hunc
600 1462 812 1534 illuminabit
837 1461 1028 1534 Dominus.
1079 1460 1264 1535 Habemus

203 1562 395 1632 nonnullas
417 1561 522 1633 etiarn
538 1561 574 1631 in
591 1557 744 1633 humana
766 1558 936 1632 struciura
955 1560 1133 1632 tenebras.
1187 1561 1264 1634 Has

202 1660 328 1753 igitur,
358 1681 434 1773 que
447 1661 487 1731 in
500 1658 706 1751 justosunt,
732 1658 1155 1734 illuminabitDominus.
1189 1659 1265 1732 Vel

202 1759 348 1830 lucerna
364 1760 487 1830 anima
503 1779 603 1832 mens
625 1758 694 1848 est,
722 1761 855 1871 quippe
873 1779 949 1848 quae
964 1760 1084 1830 lumen
1101 1758 1268 1858 recipere.
1351 1803 1357 1815 ,

203 1871 321 1948 queat.
373 1856 560 1938 Terrebrae
569 1876 660 1930 vero
682 1860 806 1932 animae
823 1856 902 1930 sunt
920 1856 1101 1929 iracundia
1122 1856 1155 1928 δι
1166 1877 1265 1932 con·

202 1954 443 2048 cupiscentia‚
479 1977 556 2048 quae
564 1957 821 2030 illuminantur
849 1960 891 2029 ab
914 1977 985 2047 eo,
1004 1957 1084 2071 ⁸qui
1101 1954 1264 2030 divinum

202 2054 428 2148 splendorem
452 2054 611 2148 suscepit.
665 2056 778 2130 Forte
795 2058 925 2145 etiam,
953 2055 1190 2146 quiverimus
1210 2056 1267 2127 lu-

201 2155 296 2228 mine
312 2177 333 2227 a-
350 2157 433 2227 Deo
453 2155 613 2228 illustrati
636 2154 789 2246 fuerint,
816 2156 840 2225 ii
861 2157 1041 2227 lucernam
1060 2154 1193 2226 habent
1206 2161 1267 2242 'ac-¹

205 2252 422 2345 censamJ&
444 2253 601 2327 astiones
617 2252 694 2326 suas
704 2255 757 2326 ad
781 2255 974 2328 diluculum
994 2255 1136 2325 ratione
1155 2252 1264 2325 addu-

204 2367 350 2444 centes,
386 2354 496 2426 etiam
513 2353 683 2426 tenebras
701 2353 777 2426 suas
794 2356 1006 2430 illuminatas
1025 2354 1182 2467 habent,
1215 2372 1265 2428 eo

204 2455 303 2546 quod
321 2475 420 2526 mens
438 2456 631 2527 illuminata
646 2454 767 2529 fuerit.
1262 2498 1264 2503 ·

278 2557 471 2645 Quoniam
460 2580 497 2623 en
516 2572 549 2625 re
573 2560 726 2647 eripiare
751 2559 946 2641 tentatione,
981 2550 1080 2639 &in
1107 2555 1175 2627 Deo
1197 2575 1262 2623 meo

202 2655 419 2745 transgrediar
448 2678 592 2740 murum,
609 2648 706 2745 ba]
737 2651 938 2745 Tentatio,
977 2651 1131 2744 opinor,
1170 2672 1263 2742 quaes¹

202 2753 282 2827 dam
295 2751 348 2825 est
369 2753 500 2824 vitain
524 2753 607 2845 Job.
659 2751 694 2821 A
715 2752 1021 2823 circumstantibus
1037 2765 1154 2823 autem
1172 2770 1264 2823 ama·

202 2851 417 2923 titudinibus
442 2870 520 2922 non
537 2851 730 2939 liberatur,
758 2850 820 2922 nisr
838 2852 897 2938 qui
917 2850 1080 2921 fueritin
1097 2846 1192 2922 Deo.
1217 2847 1264 2923 ln
1299 2876 1301 2883 ·

201 2949 289 3023 Deo
315 2949 344 3019 ie
369 2947 531 3040 est,··qui
557 2949 632 3038 ejus
652 2945 703 3018 est
727 2948 933 3040 particeps,
967 2940 1265 3037 quemadmodum

203 3047 239 3121 dr
257 3050 302 3119 ab
313 3048 522 3142 ignorantiis
538 3049 732 3137 liberatur,
760 3047 819 3136 qui
831 3024 1176 3139 seientiamadaptus
1193 3045 1263 3134 esta

202 3148 414 3239 quiquidem
425 3146 462 3219 in
479 3146 718 3220 tentationem
736 3166 812 3217 non
827 3146 1045 3259 ingreditur,
1071 3148 1146 3217 non
1165 3145 1264 3234 quod

202 3268 281 3320 non
302 3261 491 3336 tentetur,
525 3244 595 3319 sed
608 3245 706 3335 quod
729 3245 939 3324 tentationis
961 3246 1095 3335 laqueis
1116 3264 1191 3316 non
1209 3265 1265 3325 ca·
1350 3290 1352 3295 -

200 3350 330 3441 piatur.
393 3343 673 3441 Transgreditur
697 3346 853 3499 itaque
851 3344 910 3417 hic
935 3365 1076 3419 murum
1101 3344 1263 3470 peccati,
1329 3360 1332 3369 ·

200 3446 301 3603 quod
312 3467 342 3516 a
366 3457 471 3540 tergo
487 3445 718 3537 relinquit·
959 3482 961 3489 .
1257 3498 1260 3509 .

277 3549 365 3616 Deus
388 3570 472 3615 mens
494 3546 662 3640 impollute
685 3549 743 3613 via
767 3547 856 3643 ejas:
882 3542 1005 3640 eloquin
1032 3545 1206 3615 Domini
1190 3566 1262 3636 igne

200 3653 387 3715 examinare
403 3643 594 3740 ,prorefirr
613 3645 651 3739 est
668 3650 807 3714 omnium
817 3644 1051 3761 sperantium
1039 3666 1081 3713 en
1083 3643 1144 3731 sq,
1169 3639 1261 3736 ΘΝ]-

202 3742 274 3815 Via
296 3743 484 3853 impolluta
504 3742 667 3817 Christus·
685 3741 779 3833 est,
799 3745 857 3834 qui
877 3743 1008 3817 dixitz'
1025 3744 1091 3834 Ego
1103 3743 1181 3828 sum
1189 3747 1259 3815 vie
1360 3764 1364 3773 ·

203 3843 386 3940 Quoniam
405 3848 498 3916 vero
521 3843 664 3933 eloquia
682 3842 863 3917 Domini
853 3849 934 3936 igne
952 3840 1031 3915 sunt
1049 3842 1263 3931 examinata,

200 3942 261 4033 qui
274 3942 346 4035 ipsa
361 3943 529 4034 audiunt,
556 3943 698 4017 dicunt:
725 3946 847 4015 Nerine
859 3946 1056 4035 cornesirnm
1069 3943 1181 4011 ardens
1192 3955 1263 4011 erat
1335 3959 1340 3968 '

197 4039 371 4115 ineolis?
396 4045 497 4142 Quin
519 4040 553 4115 δι
563 4043 688 4140 spiriru
704 4041 874 4135 ferventes
892 4038 992 4134 sunt,
1020 4040 1054 4112 &
1076 4040 1262 4208 eligium
1319 4104 1321 4111 .
1349 4134 1352 4141 Ι

1164 4159 1211 4208 eo
