3075 4875
209 444 241 574 '.
304 425 1077 541 fl-sutucramrsuuuos'.
1183 489 1273 564 ’,ος
1356 479 1362 491 κ

246 629 251 639 ’
279 625 326 702 Bt
339 630 377 699 ἐκ
391 631 449 700 err'a
463 639 738 717 percarorm‘non
746 626 841 724 fletu
851 647 870 715 ,·
888 628 928 703 U
948 632 987 699 in
1008 627 1159 699 cathedra
1178 630 1271 725 pesti·
1293 625 1295 630 ’

198 729 310 803 lentie
326 750 392 800 non
408 726 512 818 sotir,
535 728 618 820 dn]
645 727 854 801 Generatim
877 728 945 799 tria
959 724 1064 802 suot:
1088 730 1151 801 vel
1173 730 1268 808 enim

200 830 353 904 omnino
370 850 446 902 non
468 824 662 923 profitetur
681 831 758 920 quis
777 829 997 919 veritatem,
1023 825 1102 914 sed,
1118 842 1170 901 ut
1188 825 1267 903 fore
1351 851 1353 855 ·

199 931 308 1017 tulit,
334 926 480 1021 seipsum
498 929 597 1001 vanis
613 926 649 999 dt
665 929 901 1021 inexploratis
918 925 1038 1001 cordis
1065 925 1114 999 sui
1133 936 1269 1025 cogita·

198 1030 362 1104 tionibus
384 1028 555 1121 tradens,
592 1025 699 1100 instar
714 1030 830 1106 brute
851 1027 999 1121 pecudis
1019 1026 1155 1119 fertur,
1189 1050 1267 1103 non

198 1128 293 1210 stans
319 1148 437 1219 neque
459 1148 500 1200 re
527 1129 694 1220 quapiam
713 1128 885 1216 innixus,
920 1128 954 1200 dt
974 1139 1170 1218 propterea
1188 1149 1267 1202 uon

199 1228 351 1303 sedens:
378 1228 439 1318 qui
464 1227 604 1318 quidem
624 1228 661 1299 in
683 1226 835 1299 confilio
859 1228 1050 1319 impiorum
1068 1227 1167 1300 abire
1183 1229 1270 1300 dici..
1368 1304 1372 1319 ἱ

201 1341 274 1401 tur.
326 1326 442 1399 Porro
458 1328 554 1419 impii
577 1327 619 1399 ad
634 1328 880 1400 consiliumne
897 1329 933 1400 in
951 1313 1104 1419 speciem
1125 1328 1268 1418 quidem
1326 1419 1328 1424 y

200 1425 427 1501 considerate
445 1427 639 1511 accedunt,
669 1424 726 1499 sed
744 1447 976 1530 quaecumque
996 1426 1150 1516 imperiti
1169 1428 1268 1501 bona

174 1525 425 1618 existimant,
459 1548 501 1598 ea
524 1524 711 1601 setianus.
772 1527 846 1599 Vel
864 1527 923 1617 qui
939 1525 1146 1598 inveritate
1169 1529 1268 1599 uide·
1333 1615 1335 1619 Ι

198 1641 263 1702 tur
282 1625 394 1709 stare,
417 1647 495 1697 non
514 1640 632 1698 autem
651 1623 845 1698 seeundum
862 1645 987 1705 veram
1001 1624 1198 1698 dottrinam
1214 1629 1268 1698 vi·
1294 1691 1297 1695 ,

200 1728 281 1817 vit,
308 1728 336 1798 is
358 1741 532 1819 peccator
550 1746 630 1798 cum
652 1726 905 1817 peccatoribus
927 1723 1000 1816 est,
1029 1743 1176 1816 eorum,
1205 1725 1267 1817 qui

198 1826 240 1899 in
275 1826 429 1898 ueritate
464 1823 533 1898 effe
560 1838 758 1917 putantur,
785 1823 984 1896 deteriores
1019 1843 1204 1916 quaerans,
1231 1825 1267 1898 dt
1320 1893 1322 1898 ,

200 1939 405 2020 propterea'
417 1926 453 1997 in
469 1928 527 1996 via
546 1942 671 1997 eorum
687 1923 805 1999 stans¹
842 1924 913 1998 Vel
926 1925 1029 2014 juxta
1047 1923 1192 2002 tertium
1208 1945 1267 2019 ge·

201 2045 272 2100 nus
293 2044 444 2115 eorum,
472 2026 531 2115 qui
547 2023 741 2117 propositis
764 2021 945 2115 scripturae
967 2023 1089 2096 verbis
1110 2043 1267 2095 comme·

202 2137 421 2216 morantur,
455 2126 514 2214 qui
538 2123 621 2196 falsa
640 2123 798 2214 quaedam
820 2123 987 2218 dogmata
1006 2141 1092 2212 vera
1110 2120 1180 2195 effe
1202 2144 1269 2213 pu·

193 2237 285 2315 tat,
317 2223 347 2295 is
372 2225 502 2297 inillis
526 2226 575 2296 ait
598 2222 634 2298 se
654 2222 901 2317 requiescere,
932 2243 1002 2295 nee
1023 2221 1086 2295 srbi
1117 2224 1267 2315 amplius

203 2344 299 2415 opus
321 2322 414 2414 effe,
440 2336 481 2413 ut
501 2324 659 2398 ambulet
680 2337 743 2396 aut
766 2323 835 2398 stet
856 2324 900 2395 ad
917 2323 1010 2395 illius
1032 2320 1109 2396 fere
1135 2322 1265 2414 instar,

204 2445 310 2516 quem
328 2422 502 2499 sacrarum
521 2425 703 2498 literarum
717 2436 896 2516 nunquam
912 2422 1013 2497 satias
1035 2423 1144 2517 cepit.
1197 2424 1268 2506 Hie
1297 2470 1300 2475 -
1337 2426 1343 2448 ¹

203 2522 428 2615 requiescens
446 2527 482 2624 ip
508 2524 678 2597 cathedra
696 2522 935 2617 pestilentium
952 2521 1060 2603 sedet.
1112 2521 1170 2596 De
1183 2524 1268 2610 ‘otti

205 2626 273 2697 bus
291 2640 410 2698 autem
432 2646 532 2717 von,
555 2625 751 2721 pestilentia,
777 2625 1012 2718 praedicatur,
1039 2624 1080 2693 iis
1100 2642 1176 2694 non
1195 2624 1266 2697 stne
1324 2689 1363 2719 ,1,

205 2724 513 2814 consiliosum,
540 2726 675 2812 derisor,
703 2726 746 2797 ab
771 2724 847 2797 aliis
864 2723 1119 2815 interpretibus
1141 2723 1268 2794 tribui·

206 2838 277 2899 tur.
328 2824 503 2915 Reliquos
521 2824 637 2914 enim,
664 2819 865 2898 &maxime
878 2844 969 2912 eos,
997 2822 1057 2912 qui
1073 2819 1269 2911 secuudum

191 2922 323 3001 [sanam
345 2921 540 2997 dotttinam
560 2922 732 3007 credunt,
760 2922 925 2995 derident
944 2921 992 3013 ii,
1018 2923 1078 3012 qui
1096 2921 1133 2993 in
1150 2918 1267 3014 seipfit

204 3022 382 3117 sapientes
402 3021 501 3114 suut-5
527 3018 697 3095 &coram
716 3020 751 3096 se
765 3019 973 3115 prudentes.

284 3126 346 3194 Sed
361 3130 399 3194 in
413 3125 475 3216 lege
493 3128 628 3192 Domini
644 3121 799 3194 vuantos
813 3126 902 3218 rjus,
928 3121 967 3194 U
986 3122 1098 3210 indage
1118 3113 1186 3213 ejus
1206 3145 1268 3194 rer-2

206 3222 366 3313 ditabitur
380 3226 431 3294 dit
445 3221 600 3309 aenaria,
627 3220 711 3314 bct]
760 3218 962 3297 Meditatur
980 3221 1097 3316 legem
1117 3220 1267 3308 Domini
1303 3251 1305 3256 ·
1367 3233 1370 3239 '

206 3325 266 3397 die
282 3338 323 3401 ac
344 3320 471 3413 rotie,
498 3344 574 3395 non
598 3323 658 3414 qui
675 3324 795 3411 verba
808 3322 896 3418 legis
916 3321 989 3396 fine
1009 3321 1179 3419 operibus
1199 3321 1268 3409 suae

206 3426 390 3501 memotiae
413 3422 586 3511 mandat3
623 3419 682 3496 sed
708 3424 768 3513 qui
789 3421 998 3496 meditando
1024 3423 1193 3514 pervenit
1223 3417 1269 3494 ad

207 3528 322 3616 opera
333 3522 413 3617 ipsu
432 3520 688 3611 consentanea,
715 3523 835 3596 donec
850 3520 1087 3614 peraffiduam
1102 3539 1269 3613 operum,

207 3645 288 3716 quae
314 3625 372 3694 lex
390 3621 578 3717 praecipit,
604 3621 876 3695 meditationem
902 3635 1067 3712 promtus
1095 3618 1268 3693 efficiatur

208 3724 253 3797 ed
277 3721 470 3816 praestanda
490 3725 631 3813 omnia,
662 3742 739 3812 quae
759 3719 954 3796 secundum
975 3723 1090 3814 legem
1108 3719 1269 3813 perfetip
1350 3778 1353 3784 .

205 3824 352 3894 uiuenti
373 3821 596 3894 incumbunt.
652 3820 711 3892 Sic
731 3821 824 3895 enim
846 3816 923 3893 fieri
944 3820 1101 3914 poterit,
1128 3833 1170 3890 ut
1190 3820 1270 3910 quir
1358 3867 1367 3876 -

206 3935 291 3996 rota
315 3923 372 3995 die
395 3940 436 3994 ac
453 3917 561 3992 noue
580 3921 652 3996 Dei
671 3921 787 4016 legem
805 3920 1010 3994 meditetur.
1063 3918 1149 3992 Sive
1174 3919 1270 3995 enim
1321 3914 1323 3922 ’

208 4021 405 4110 comedat,
438 4019 513 4092 five
531 4021 653 4111 bibat,
674 4019 755 4094 ‘five
782 4018 874 4094 aliud
895 4019 981 4110 quid
1000 4018 1134 4107 faciat,
1165 4018 1271 4112 jum

207 4121 309 4217 quod
331 4119 463 4211 dietum
483 4118 535 4196 est
550 4143 571 4199 a
587 4121 715 4210 divino
734 4116 941 4221 Apostolo,
964 4116 1073 4214 isqui
1093 4116 1291 4290 eiusnssdi-
