3075 4875
153 419 164 636 s
356 365 1123 552 lnrtr.Juo1curt.norl.u.
1162 445 1166 470 =
1220 448 1267 526 rr

154 637 159 674 =‚
206 597 374 679 tempore
392 585 481 660 dicit
498 586 681 681 futurum,
710 588 792 681 quia
811 587 891 661 curn
904 586 1093 681 plenitudo
1106 588 1267 687 gentium
1314 581 1321 596 ’
1346 679 1349 686 ,

154 687 165 736 ’-
206 685 474 781 subintroierit,
501 703 589 762 tune
606 690 721 763 omnis
740 687 844 762 lsrael
860 687 976 760 salvus
997 686 1072 764 liet.
1104 688 1134 763 F
1134 691 1163 761 it
1175 709 1266 784 ergo

154 813 157 820 ·
208 788 347 878 quidem
372 788 542 877 primatus
561 791 597 860 in
615 809 723 864 manu
742 789 898 862 mulieris
918 787 1150 882 alienigene,
1184 793 1264 863 nou
1370 798 1373 807 '

210 898 322 958 tumen
350 888 554 960 excluditur
572 909 591 960 a
612 885 799 966 consortio
824 886 947 982 glorie
973 885 1079 961 etiarn
1101 886 1263 979 Beraclr,

209 983 384 1156 lilii
393 985 1263 1180 ·illuillutibilisllllilllzll

206 1195 479 1275 pretereuntem
496 1186 764 1275 quodammodo
785 1136 971 1258 victoriam
992 1184 1096 1276 rapit.
1123 1143 1259 1260 Eadem

171 1293 175 1316 ¹
206 1277 316 1356 torna
348 1283 519 1375 precellit
550 1287 660 1359 etiem
689 1286 728 1357 in
750 1282 845 1358 Esau
879 1284 917 1357 u
937 1282 1054 1377 Jacob
1075 1279 1257 1366 fratribus,

205 1375 507 1458 DumenimEsou
522 1381 849 1480 senaturagrestia,
879 1382 1183 1456 dummoraturin
1196 1380 1259 1456 sal-

207 1479 319 1572 tibus,
337 1482 568 1573 preveniens
579 1484 715 1580 Jacob,
736 1483 938 1557 &mulieris
948 1481 1123 1574 consiliis,
1143 1481 1179 1554 id
1193 1479 1260 1576 est,

204 1579 319 1662 matris
331 1580 554 1673 compositor
570 1585 661 1678 patri
676 1581 834 1656 offerens
852 1582 977 1674 cibos,
997 1577 1255 1654 benediciionir

204 1681 369 1772 primatus
389 1681 564 1773 accepit·
592 1680 698 1756 Sic&
714 1678 964 1775 inEvaugelio
981 1692 1154 1775 pergente
1176 1678 1260 1752 Do·
1329 1677 1332 1684 ’

204 1778 299 1858 mino
314 1781 360 1851 ud
376 1774 483 1856 fliam
499 1781 668 1876 principis
685 1780 873 1876 synagoge
893 1776 1143 1870 suscitandam,
1168 1798 1258 1870 prae·

205 1875 349 1964 ueniens
361 1878 510 1972 mulier,
537 1878 912 1975 quaeiiuxusanguinis
926 1878 1133 1970 laborabat,
1158 1873 1258 1971 fideli

207 1973 294 2052 trun
309 1976 411 2070 prior
423 1977 652 2072 conloquitur
669 1978 864 2054 sanitatem.

269 2078 305 2151 ⁶.
334 2077 447 2173 Quod
462 2078 488 2150 fi
509 2081 615 2152 etiam
631 2079 720 2153 inde.
730 2076 984 2171 requirendum.
1001 2074 1138 2167 aliquid
1153 2073 1253 2148 uide-

204 2182 258 2252 tur
272 2195 292 2248 r
307 2174 539 2270 diligentibus
552 2179 793 2260 auclitoribus,
813 2174 1011 2269 quodltdle
1023 2172 1257 2268 eumpotaffo
1308 2205 1311 2214 ¹

205 2273 352 2366 dicitur,
380 2295 461 2349 cunr
483 2277 542 2350 ille
562 2299 686 2369 equiem
710 2273 949 2371 poposcisset,
973 2275 1181 2367 videamus,
1206 2293 1256 2348 ne

204 2369 298 2457 forte
316 2370 511 2464 secundum
532 2377 695 2471 mysticas
724 2377 788 2452 vel
817 2374 1023 2473 allegoricas
1041 2374 1128 2470 legis
1146 2374 1257 2447 inter·

206 2473 424 2567 precationes
449 2479 521 2549 tole
546 2479 678 2570 aliquid
694 2481 801 2551 etiarn
820 2476 864 2551 de
884 2478 957 2548 hoc
977 2473 1081 2567 possit
1104 2470 1256 2548 osteridi.

204 2571 313 2653 Lectis
327 2573 430 2659 cibus
443 2574 511 2648 elle
525 2576 704 2663 diciturin
718 2575 897 2669 scripturis
912 2572 1035 2646 fandis
1049 2572 1161 2664 primo
1174 2572 1254 2645 baec

205 2673 344 2755 nonalis
366 2672 565 2768 institutio,
598 2699 678 2769 qure-
693 2677 946 2771 incipientibus
967 2673 1069 2745 velut
1091 2672 1252 2765 parvulis

204 2772 363 2847 traditur.
414 2772 505 2848 Non
519 2776 611 2851 eoin
623 2778 661 2849 io
674 2777 783 2849 initiis
795 2774 912 2849 statim
926 2769 1100 2865 discipulis
1114 2769 1158 2842 de
1169 2789 1256 2862 pro·

204 2869 318 2945 iuodis
332 2871 368 2943 b
380 2869 630 2948 secretioribus
645 2873 854 2951 tradendum
871 2873 921 2945 est
938 2869 1174 2961 sacramentis,
1194 2864 1255 2943 sed
1279 2938 1286 2963 ,

205 2990 340 3045 morum
367 2977 578 3068 correptio,
604 2974 807 3049 emendatio
846 2970 1056 3065 discipline,
1082 2965 1254 3063 religiose

206 3070 753 3168 corvosatlonis‚1&umplicis
773 3070 856 3145 fidei
873 3071 985 3165 prinra
1003 3069 1052 3140 eis
1074 3064 1253 3155 elenientu

204 3168 400 3247 traduntur.
447 3171 542 3246 Istud
559 3174 609 3247 est
625 3173 789 3246 Ecclesrae
803 3174 880 3263 lac,
907 3169 982 3242 haec
998 3166 1249 3260 incipientibus

204 3268 431 3363 parvulorum
452 3274 564 3366 priora
582 3271 662 3346 sunt
681 3274 868 3345 elementa.
918 3267 988 3340 Sed
1009 3265 1072 3340 iste
1090 3265 1189 3337 cibus
1207 3265 1253 3338 iic

206 3368 370 3460 quidem,
412 3374 470 3461 qui
508 3371 552 3452 ad
584 3373 721 3453 bonum
761 3367 975 3465 proficiendi
1024 3364 1251 3458 propolitum

165 3522 168 3557 :
205 3480 350 3563 gerunt,
378 3468 489 3544 vitam
504 3473 629 3559 tribuit
650 3473 684 3543 δι
707 3469 872 3543 salutent
904 3468 945 3539 iis
971 3485 1085 3555 vero,
1122 3463 1253 3555 quibus

207 3567 382 3641 contraria
400 3572 580 3664 placent,
616 3572 742 3662 quibus
764 3568 927 3656 luxuria,
963 3565 1105 3653 libido,
1132 3563 1247 3656 avari·
1280 3602 1286 3615 ι

205 3668 272 3764 tie,
299 3665 333 3739 ἃ
357 3669 474 3741 omnis
494 3671 655 3765 impietas
674 3670 777 3742 cordi
795 3666 872 3759 est,
898 3662 1100 3756 hujusmodi
1121 3659 1250 3734 dodlri·

203 3788 243 3841 ne
262 3787 390 3842 necem
409 3769 643 3843 &interitum
657 3768 806 3861 prestat.
857 3764 915 3836 Sic
940 3782 1027 3859 ergo
1052 3758 1118 3855 fit,
1139 3773 1181 3845 ut
1202 3778 1250 3832 err

159 3866 167 3933 :'
202 3865 266 3963 his,
294 3881 404 3959 atque
421 3868 546 3944 iisdem
560 3869 670 3961 cibis,
697 3869 824 3958 quibus
845 3859 1114 3950 nonturboni,
1141 3855 1250 3970 suffu-

158 3996 166 4055 '.
202 3985 318 4043 centur
341 3970 448 4058 mali,
475 3969 569 4042 &in
594 3988 666 4061 quo
693 3969 761 4060 piis
786 3967 864 4037 vita
888 3960 963 4054 est,
989 3960 1040 4032 ibi
1068 3955 1110 4030 fit
1133 3958 1250 4051 impuu

158 4072 163 4199 l
200 4089 296 4148 nors.
324 4070 499 4162 Denique
516 4082 558 4145 ut
574 4069 742 4244 exempgo
756 4086 837 4163 res,
863 4082 969 4160 quam
979 4059 1164 4172 urcino,
1176 4056 1287 4147 plo„

159 4226 161 4233 .
746 4192 768 4268 3
1134 4175 1224 4238 utut
