3075 4875
313 411 315 416 ’
353 483 355 490 ,
385 363 450 482 inl
474 375 585 483 tia.
610 404 845 516 nucum.
871 401 1021 481 nom.
1046 403 1093 483 11.
1204 360 1273 483 1'11
1341 349 1395 453 ²²·

202 563 339 667 flerium‘
353 586 482 665 propter
497 568 634 659 futuros
651 572 783 640 auratas
794 570 912 659 salutis
931 539 1122 641 mittuntur.
1174 567 1274 667 Quid
1369 541 1387 552 ..

204 671 314 743 umes
338 670 480 759 dicere,
518 688 661 741 ornnem
684 665 804 741 locum
827 669 907 763 Jesu
925 665 1064 740 Christo
1084 667 1274 763 indigere?
1352 677 1354 681 '

202 768 342 861 Neque
370 789 484 874 uero,
521 770 579 858 qui
607 768 748 841 Christo
776 771 931 864 indiget,
968 764 1185 860 Prophetis,
1214 769 1273 859 iise
1358 834 1364 846 .

205 891 302 962 que,
330 870 398 960 -qui
425 866 551 942 emisti
574 865 819 959 praesentiam,
859 870 891 939 da
919 867 1114 939 adventum
1139 879 1270 959 praepa-
1332 867 1334 871 ’

199 983 309 1060 rant,
345 988 422 1039 non
443 963 616 1061 indigent.
669 965 717 1039 Et
736 966 893 1061 Joannes
913 965 1021 1057 sane,
1055 986 1127 1057 quo
1154 968 1273 1057 major·

202 1068 302 1140 inter
320 1080 427 1140 natos
447 1068 655 1162 mulierum,
671 1065 812 1148 ,Clirsto
830 1068 907 1161 ipso
925 1068 1034 1156 teste,
1063 1086 1169 1138 nemo
1182 1065 1269 1158 fuit:

204 1171 323 1266 Major
354 1173 442 1237 inter
479 1184 572 1236 nator
611 1171 779 1240 mulierum
818 1174 948 1261 Jamute
979 1166 1122 1261 Baptrfla
1159 1167 1267 1235 nudus

197 1268 297 1361 fura:
323 1286 439 1357 neque
460 1268 583 1339 timeas
605 1266 640 1341 id
659 1259 848 1340 affirmaret
877 1267 1057 1339 descendit
1075 1264 1115 1335 ad
1133 1264 1269 1338 inferos
1327 1269 1334 1273 ’

202 1366 453 1460 p'raenuncians
470 1365 686 1457 Dominum,
707 1364 867 1439 utillum
888 1362 1131 1440 descensurum
1146 1363 1270 1457 praedi':
1356 1429 1368 1453 .,

205 1479 318 1539 cerer.
370 1466 586 1558 Propterea,
615 1466 696 1539 dum
714 1467 747 1538 in
760 1464 918 1569 custodia
935 1466 1040 1557 ellet,
1066 1486 1107 1537 ac
1122 1464 1184 1538 irbi
1198 1466 1271 1538 exi·
1321 1523 1325 1536 „
1366 1530 1368 1535 .

202 1579 283 1637 tum
299 1567 555 1655 interitumque
573 1569 754 1639 imminere
780 1562 1030 1661 conspiceret,
1058 1563 1158 1637 millis
1177 1564 1267 1635 duo·

204 1664 274 1737 bus
301 1660 504 1756 discipuliS,
532 1665 736 1759 querebat,
767 1685 868 1741 non:
908 1664 959 1739 ‘Iu
984 1692 1014 1735 es
1031 1672 1086 1763 qui
1106 1681 1266 1738 uenturus
1292 1712 1296 1718 -

206 1761 266 1836 rs?
299 1764 443 1836 Sciebat
462 1766 583 1856 enim-3
620 1765 702 1839 sed:
735 1770 859 1855 laer,
886 1772 942 1865 qui
962 1784 1196 1851 venturrses,
1220 1789 1268 1835 an
1326 1819 1333 1829 ,

165 1955 168 1962 ι
205 1866 304 1935 alium
326 1860 557 1959 exspatiemur?
583 1864 744 1938 Gloriam
762 1863 853 1938 illius
877 1880 1098 1959 compertam
1119 1863 1265 1952 habuit3

206 1963 250 2037 de
268 1962 355 2037 mira
379 1966 454 2057 ejus
473 1960 510 2035 vi
532 1963 679 2057 plurima
703 1968 848 2037 locutus
872 1963 964 2059 fuit,
991 1948 1195 2059 primusque
1214 1964 1267 2035 illi

205 2063 446 2137 testimonium
470 2064 656 2137 exhibuit:
686 2070 755 2157 Qui
772 2066 835 2163 post
855 2091 902 2136 ma
916 2075 1031 2148 venir,
1059 2062 1136 2135 ante
1150 2059 1266 2157 mefa-

205 2165 274 2236 uus
297 2165 347 2260 esi.
400 2162 503 2234 Vidit
524 2164 617 2236 illius
638 2166 818 2259 gloriam,
841 2169 976 2261 gloriam
997 2163 1081 2263 quafi
1095 2167 1275 2255 anegaudi·

205 2264 229 2335 α’
246 2265 363 2354 Patre,
408 2266 475 2333 leni
492 2268 604 2355 gratiae
621 2267 658 2339 (5
676 2270 838 2338 veritatis.
887 2261 976 2339 Haec
995 2285 1076 2337 cum
1097 2263 1141 2337 de
1165 2259 1266 2335 Chri-

205 2357 261 2437 sto
280 2363 354 2436 vidi
386 2376 447 2453 et,
473 2359 571 2458 piget
596 2363 764 2446 credere,
790 2362 918 2439 dubius
938 2367 1069 2458 haeret,
1096 2362 1267 2462 necfate·

205 2477 284 2536 tur:
313 2462 434 2534 Dicite
458 2460 538 2555 ipsi,
564 2474 605 2535 tu
623 2484 659 2536 es
686 2464 854 2543 Christus.
909 2470 1000 2566 Quae
1020 2483 1195 2549 cumnon
1213 2465 1267 2536 in·

205 2559 420 2635 t'elleailie'nt
434 2564 619 2656 nonnulli,
648 2562 908 2657 alleverarunt,
934 2566 1266 2662 Joannemtantum
1334 2593 1337 2607 ·

206 2683 246 2734 ac
261 2661 368 2734 tale'm
388 2660 563 2734 Christum
588 2681 664 2735 non
683 2665 848 2759 noviffe,
875 2664 996 2740 sed'ab
1018 2687 1064 2737 eo
1087 2661 1283 2763 diicellrffe.

206 2752 375 2854 Spiritum
394 2760 557 2836 sanatum.
608 2761 677 2834 Sed
700 2763 833 2836 sciebat
849 2762 970 2856 illum,
998 2763 1055 2835 cui
1075 2769 1266 2848 antequam

206 2858 408 2934 nasceretur
423 2856 664 2934 testimonium
685 2863 892 2956 perhibuit,
929 2866 1050 2960 &pro
1072 2880 1145 2956 quo
1166 2858 1266 2935 salta⁵
1390 2862 1392 2871 '

205 2964 280 3052 vit,
309 2958 391 3032 dum
413 2962 455 3033 ad
469 2959 580 3054 ipsum
598 2960 713 3034 Maria
730 2963 939 3057 accederet,
964 2980 1006 3036 ut
1024 2964 1068 3036 de
1086 2966 1150 3036 illo
1171 2959 1265 3033 testi-

204 3059 364 3132 monium
386 3058 474 3133 fecit
496 3077 610 3132 mater
633 3061 707 3153 ejus
733 3062 800 3134 illis
821 3065 964 3136 verbis:
999 3067 1075 3136 Ecce
1097 3066 1199 3147 enim,
1224 3076 1264 3133 ut

156 3232 157 3237 ,
199 3157 293 3252 satia
310 3161 424 3256 esivax
442 3163 648 3249 [reluctationis
668 3178 727 3231 tuae
752 3164 936 3234 inauribus
956 3170 1050 3256 meis,
1078 3162 1209 3235 exiliuit
1226 3172 1264 3232 iar

200 3263 313 3352 gaudio
328 3259 443 3348 infans
458 3264 495 3330 in
512 3278 599 3332 utero
612 3283 684 3334 meo.
712 3262 782 3336 Hic
793 3261 913 3354 itaque
925 3262 1096 3361 Joannes,
1109 3261 1263 3356 quiante

203 3357 428 3434 nativitatem
448 3361 588 3433 exilivit
604 3384 616 3450 3
644 3364 702 3454 qui
719 3363 827 3435 dixit:
858 3368 922 3435 Hic
939 3366 995 3460 eft,
1021 3366 1057 3435 da
1072 3389 1132 3462 qur
1147 3387 1195 3458 ega
1213 3365 1265 3435 di·
1381 3418 1383 3422 .

204 3466 258 3548 xi,
286 3464 357 3553 Qui
367 3461 428 3557 pofi
444 3486 489 3530 me
509 3468 621 3550 venir,
647 3480 722 3532 anre
737 3488 784 3533 me
797 3462 908 3554 fastus
925 3466 982 3562 efl:
1010 3466 1047 3539 (5
1056 3490 1067 3533 .·
1093 3468 1164 3556 Qui
1182 3462 1269 3560 mifit'

156 3594 158 3619 ι
204 3583 271 3650 mc,
297 3565 382 3634 dixit
401 3563 500 3645 mihi,
527 3564 629 3658 Super
652 3588 740 3660 quem
762 3567 883 3634 uiderit
901 3569 1062 3662 Spiritum
1084 3563 1267 3652 descendam

156 3680 158 3686 ’
204 3676 288 3752 tem,
314 3657 353 3735 (a
369 3679 571 3746 manentem,
601 3664 661 3756 ipse
682 3663 722 3759 ⁶ss
737 3666 831 3754 filius
855 3665 934 3734 Dei:
963 3667 1044 3756 hic,
1071 3665 1262 3758 inquiunt,

205 3759 365 3833 nondum
382 3768 539 3832 noverat
554 3750 730 3835 Christum
747 3764 783 3836 in
800 3779 942 3837 ventre.
975 3762 1147 3838 Noverat
1164 3766 1264 3859 quip7

204 3879 249 3953 pe
265 3859 377 3934 illum.
428 3859 546 3933 Simile
565 3861 648 3951 quid
659 3861 767 3934 Petro
782 3862 896 3955 pallus
909 3859 958 3936 est
971 3850 1121 3960 propter
1140 3864 1263 3958 gloria

205 3957 497 4051 exsuperantiam.
559 3954 750 4060 Quodnam
771 3964 859 4034 illud
885 3963 973 4036 est?
1005 3965 1074 4036 Hic
1096 3981 1264 4058 magnum

204 4060 286 4154 quid
308 4058 355 4133 de
374 4055 516 4134 Christo
536 4056 679 4136 sciebat.
733 4063 824 4163 Quis
843 4060 936 4156 sum3
961 4056 1066 4159 Quem
1084 4089 1132 4137 mr
1150 4067 1263 4135 urunt

355 4223 359 4231 ,
527 4214 529 4219 .
1155 4164 1225 4258 put
