3075 4875
306 443 754 527 SEL'ECTAIN
777 437 1122 531 PSALMOS.
1189 455 1263 556 45'9

195 580 330 716 juxta!
320 583 425 689 sslud.
457 613 582 702 Aperite
595 618 679 687 mrsu
701 632 810 712 porros
823 613 888 712 jusi
865 613 966 707 (litia.
1020 591 1263 716 Quemadmo-

200 722 285 794 dum
303 714 443 810 justitiae
464 716 673 809 aperiuntur
693 730 835 809 portae,
861 714 963 789 sie&
991 718 1262 808 temperantiae,

201 816 495 908 nordmannis,
523 816 774 908 &charitatis‚
800 815 1127 931 &longanimitatis
1147 828 1263 912 portae

198 917 422 1014 reserantur,
447 933 617 1008 perquer
642 916 711 990 Dei
738 916 903 1009 cognitio
927 915 1149 1031 ingreditur,
1177 918 1262 988 Deo
1346 939 1350 944 ·

198 1022 304 1094 velut
318 1017 409 1089 duce
423 1029 626 1108 praeeunte,
652 1039 693 1090 ac
704 1013 870 1090 solvente
884 1016 1131 1107 captiuitatem
1149 1014 1264 1102 vibio·
1286 1079 1288 1084 .

195 1103 331 1207 'resque
346 1116 551 1189 declarante
567 1138 653 1208 eos
680 1118 740 1208 qui
763 1129 864 1189 erant
885 1115 1032 1207 captivi
1084 1113 1159 1187 Et
1149 1128 1265 1189 intro·

193 1224 327 1291 euntes
346 1216 384 1288 in
406 1216 606 1289 civitatem
616 1215 832 1310 splendidam
847 1214 889 1287 ad
909 1228 1131 1320 tropaeorum
1154 1216 1265 1289 mani·
1303 1242 1308 1252 ·

200 1316 430 1392 sesterionem
449 1316 524 1389 hoc
537 1316 668 1430 jubent
686 1317 841 1413 populi:
872 1317 1008 1388 arrodere
1025 1333 1136 1413 puras
1152 1331 1264 1413 porros

193 1422 359 1536 principes
372 1417 505 1518 nessror

279 1505 458 1618 Ejusdem]
485 1512 574 1588 Non
594 1512 701 1605 dixit,
729 1514 865 1609 aperite
874 1525 1020 1609 portas,
1037 1512 1165 1605 quibus
1178 1533 1266 1604 prae·

194 1613 313 1706 eliis,
322 1613 366 1687 dr
374 1633 539 1710 quarum
538 1609 618 1689 eliis
641 1612 829 1708 custodes,
857 1612 915 1687 sed
932 1617 1077 1685 ariadne.
1130 1617 1265 1713 Quem·
1303 1662 1310 1679 .

200 1701 398 1790 admodum
411 1716 503 1788 ‘enim
513 1729 614 1787 cum
622 1711 827 1805 descendit,
854 1714 965 1787 coelos
983 1733 1059 1785 non
1079 1714 1266 1807 aperiens,
1329 1761 1336 1770 -

195 1813 261 1890 sed
280 1814 454 1887 inclinans
477 1805 680 1910 descendit,
707 1813 755 1887 fic
775 1835 856 1887 eum
877 1812 1067 1920 assumptus
1088 1812 1162 1907 est,
1187 1831 1266 1887 non
1299 1881 1301 1886 .

202 1914 358 2009 apertis,
384 1910 442 1987 sed
464 1915 587 1987 ablatis
608 1905 724 2005 portis
744 1911 913 2011 ingressus
931 1910 993 1990 est.
1252 1947 1255 1964 =

260 2000 462 2128 Ejurdem]
493 2015 625 2086 Erclev
627 2019 721 2084 mini
730 2033 830 2111 porta
845 2007 1129 2110 arern21e5‚si'c]
1157 2011 1289 2114 Quali⁸
1334 2022 1341 2032 “

200 2112 351 2187 rationis
373 2113 485 2187 essent
501 2127 720 2205 compotes,
741 2136 800 2187 eae
820 2112 1016 2207 alloquitur
1037 2111 1183 2210 dicens,
1207 2109 1266 2184 ele·

199 2218 353 2284 numini:
358 2197 575 2305 spirituales
595 2215 688 2286 enirn
712 2209 821 2306 sunt,
850 2215 976 2289 &non
998 2227 1265 2318 temporaneae,

191 2320 250 2387 'eo
271 2311 369 2404 quod
382 2311 586 2386 materiae&
605 2313 853 2408 corruptionis
871 2324 1045 2406 expertes
1055 2313 1134 2387 sint.
1245 2323 1255 2382 τ·

284 2415 440 2486 Dominus
451 2412 554 2505 fortis
573 2410 612 2490 D
634 2429 773 2511 potens,
804 2419 961 2488 Dominus
985 2430 1097 2510 potens
1126 2418 1163 2483 in
1186 2427 1268 2510 pra·-

202 2515 271 2606 lio‚
294 2511 340 2593 Θ
353 2517 376 2606 .]
405 2515 581 2607 confidite,
606 2515 723 2607 inquit
741 2512 930 2610 Salvator,
956 2538 1006 2610 ego
1021 2540 1088 2586 vrcr
1081 2516 1267 2607 mundum.

189 2615 306 2691 'Nunc
319 2620 465 2712 princeps
483 2619 577 2716 hujus
600 2618 712 2686 munda
734 2621 880 2714 ejicietur
893 2616 998 2709 foras.
1087 2636 1090 2643 ·

191 2730 194 2735 '
282 2718 442 2786 Dominus
456 2720 620 2784 nirrurum
642 2716 702 2809 ipse
720 2715 760 2806 est
783 2739 838 2786 rex
859 2716 988 2808 glorio,
1013 2702 1102 2807 Dc]
1138 2702 1269 2787 Domi·

192 2826 291 2888 'num
311 2811 484 2884 virtutum
503 2809 615 2904 ipsum
634 2811 804 2884 dixerunt
819 2827 985 2906 tanquam
996 2814 1194 2904 pnncrpem
1210 2830 1268 2885 ca·

202 2911 369 2987 strorum
422 2907 694 2987 Observandum
714 2910 765 2984 est
778 2925 896 2985 autem
916 2932 1004 2994 eos,
1029 2912 1089 3005 qui
1102 2921 1270 2983 accurate

194 3010 347 3086 -hebraea
367 3010 555 3105 legerunt
583 3009 720 3085 dicere
719 3031 852 3087 vocem
870 3012 1026 3097 Sabaoth,
1053 3031 1130 3103 quae
1150 3012 1187 3083 in
1207 3010 1269 3082 he·-

187 3109 485 3223 'braohabettm
501 3105 1270 3211 aseptuagintainterpretibusgraeceuerti

203 3209 343 3295 modo
357 3187 544 3284 Dominus
563 3215 750 3298 uirtutum
785 3210 919 3303 mode,
961 3215 1117 3283 mutnus
1141 3208 1269 3302 fortis,

205 3306 396 3402 aliquando
423 3323 563 3401 autem,
601 3314 807 3395 omnipotens
859 3309 1029 3386 Ass'erunt
1051 3328 1168 3409 ergo,
1193 3311 1269 3407 hoc

198 3409 292 3485 loco
319 3429 451 3483 vocem
477 3409 617 3481 sabbaoth
633 3408 808 3485 redditam
829 3409 929 3504 esse,
969 3415 1130 3485 Dominus
1152 3418 1269 3483 virro

202 3524 283 3584 rum
337 3505 372 3582 Si
398 3525 517 3583 autem
543 3528 641 3584 vox
636 3511 797 3585 Sabaoth
821 3511 867 3587 de
890 3511 1082 3586 salvatore
1096 3513 1266 3634 ponitur,
1368 3522 1371 3529 “

202 3608 463 3703 interpretatur
487 3617 694 3705 omniparens
759 3611 873 3693 Nec
863 3611 1043 3690 immerito
1065 3632 1144 3685 vox
1167 3619 1272 3689 omni·

199 3725 312 3811 parens
330 3709 374 3781 de
392 3708 582 3784 Salvatore
604 3710 865 3803 praedicabitur
914 3712 952 3798 Si
974 3712 1068 3791 eninr
1087 3719 1192 3786 omniu
1210 3734 1269 3810 per
1323 3744 1326 3752 ¹

201 3811 304 3907 §psum
322 3807 408 3883 satia
425 3808 589 3898 [unr‚&
609 3807 682 3905 ipse
705 3811 859 3889 estante
879 3814 1021 3912 omnia,
1049 3811 1301 3944 consequen

205 3923 263 4011 ter
284 3907 517 4019 omnipotens
532 3909 677 3999 dicitur

1086 4204 1238 4299 reeta
1299 4259 1304 4266 .
1371 4167 1373 4172 ’
