3075 4875
388 337 675 500 sacrorn
701 399 1094 522 massanos.
1205 431 1280 536 ⁴5¹.
1363 493 1367 499 ,

211 583 304 647 tunc
322 589 407 646 curn
419 591 497 644 non
515 571 663 663 amplius
680 559 822 647 maneat
839 576 944 666 ovis,
969 570 1029 658 se'd
1048 585 1149 651 totus
1168 578 1281 654 ratio·
1336 571 1341 578 ’

207 671 302 747 malis
321 670 518 744 declaratus
529 672 589 753 lit,
607 668 760 745 mensam
775 672 1049 748 rationabilibus
1061 676 1149 752 cibis
1162 678 1280 759 aDe'o'

210 768 414 865 instructam
435 770 562 852 habet.
613 768 776 844 Domino
796 772 890 846 enim
914 770 1084 867 sapientia
1106 780 1280 871 praepara·

213 870 270 943 bit
281 867 431 945 mensam
442 867 593 960 suam,in
605 891 675 963 qua
688 870 932 946 vislimassuas
942 877 1131 969 proponit.
1145 879 1281 977 Quam·

210 970 486 1069 obremgratias
511 991 618 1064 agens
637 971 711 1044 ait:
741 974 860 1067 Parafls'
875 977 913 1044 in
930 972 1090 1069 conspesiu
1106 1000 1170 1050 meo
1191 1001 1280 1050 men·

204 1070 294 1163 sarm,
321 1090 397 1142 non
419 1088 560 1143 morum
581 1070 852 1163 formatricem,
878 1070 912 1145 ἃ
934 1094 1012 1163 quae
1033 1073 1130 1149 reste
1147 1075 1279 1154 viven-

207 1167 246 1243 di
262 1169 463 1244 rudimenta
479 1168 638 1243 traderet
655 1168 895 1263 disciplinam,
920 1183 963 1246 ut
981 1171 1102 1265 prius,
1127 1171 1279 1277 sedxmyss

206 1266 939 1361 stiuam,&sreritatiscontemplationem.
966 1269 1174 1357 Considera,
1188 1277 1278 1354 num
1350 1342 1355 1351 ,

210 1369 378 1460 quamdiu
403 1365 527 1460 aliquis
556 1366 607 1443 est
632 1371 670 1441 in
696 1370 764 1443 hae
790 1369 866 1444 vita
889 1369 1004 1465 &per
1029 1370 1210 1465 speculum
1232 1370 1277 1449 ad

208 1471 356 1563 aenigma
373 1467 495 1560 videt,
512 1465 667 1559 ovissrt,
686 1490 763 1561 quae
774 1467 1167 1568 subpastoreregatui,
1185 1481 1283 1556 ‚cum

208 1565 364 1640 vero-ad
382 1563 542 1654 saeculum
559 1566 718 1642 futurum
734 1567 934 1661 transierit,
960 1567 1138 1646 &faciem
1163 1571 1206 1646 ad
1223 1571 1277 1660 sae

209 1667 302 1741 ciem
327 1666 488 1739 veritatis
515 1666 749 1764 admoverit,
773 1668 816 1739 ad
834 1665 1024 1760 spiritalem
1038 1668 1193 1746 mensam
1217 1694 1275 1758 εει,

210 1763 366 1839 cessurus
386 1766 454 1858 srt,
478 1766 582 1858 juxta
601 1768 714 1841 illud:
754 1768 799 1840 Er
817 1790 867 1861 ego
889 1770 1049 1863 disponam
1075 1772 1163 1841 vobis
1183 1772 1275 1871 resiaq

208 1883 371 1954 meorum,
397 1882 436 1940 ut
452 1868 575 1959 edatis,
600 1866 639 1943 (5
655 1866 770 1938 bibatis
778 1866 875 1963 super
890 1870 1025 1957 mensam
1041 1873 1202 1944 Patricio
1218 1897 1292 1962 usq·

209 1971 321 2042 ritate.
371 1963 480 2039 Unde
504 1964 537 2039 ἃ
561 1964 678 2041 istud:
715 1969 917 2063 Preparavir
939 1971 1049 2058 Deae,
1079 1996 1147 2067 que
1165 1973 1274 2044 dulus
1331 2041 1333 2046 ,

205 2089 273 2160 non
288 2065 392 2152 vidit,
419 2063 482 2140 &a
529 2065 625 2138 illud
646 2072 793 2138 veroin
808 2053 1059 2163 consp‘eiiumeo,
1086 2067 1274 2166 significat,

208 2179 366 2264 apertam
386 2164 472 2266 mihi
489 2162 558 2236 else
578 2163 730 2239 mensam
747 2167 931 2261 eregione
950 2166 1197 2243 tribulantium
1214 2193 1275 2250 me

205 2266 427 2358 multorum,
456 2263 516 2354 qui
544 2286 683 2337 mecum
708 2266 907 2357 inimicitias
930 2288 1101 2342 exercere
1126 2271 1274 2352 volunt.

206 2362 257 2439 Et
273 2378 517 2458 cumpropter
530 2385 618 2457 eos,
645 2366 703 2458 qui
722 2366 893 2446 tribulant
905 2384 983 2460 me,
1010 2367 1190 2461 Dominus
1209 2392 1274 2444 ve·

206 2462 252 2540 lit
263 2487 320 2538 me
332 2465 449 2538 valide
465 2464 631 2538 adversus
645 2463 953 2561 ipsos'insurgere,
979 2472 1122 2561 paravit
1134 2472 1170 2542 in
1185 2491 1275 2559 con·
1304 2514 1308 2529 κ

207 2563 327 2659 speiiu
343 2586 427 2641 meo
450 2563 623 2648 mensam,
650 2567 686 2638 in
707 2588 775 2657 qua
796 2565 927 2639 solidus
946 2569 1126 2663 appofitus
1150 2568 1202 2641 est
1224 2568 1273 2643 ci·'

207 2667 304 2755 bus,
337 2678 381 2736 ut
402 2667 475 2738 hoc
498 2667 668 2739 athletice
691 2664 895 2758 saturatus,
932 2667 1106 2761 generose
1131 2670 1273 2744 valeam

205 2763 365 2838 resistere
383 2763 548 2835 adversus
568 2785 657 2855 eos,
688 2766 746 2857 qui
764 2765 937 2836 tribulant
957 2788 1026 2850 me,
1068 2764 1189 2856 ‘Cujus
1211 2788 1273 2840 au·
1385 2852 1387 2856 v

156 2859 163 2873 '
205 2877 281 2935 tem
305 2878 412 2955 caput
434 2863 520 2932 oleo
540 2883 560 2933 a
581 2863 747 2934 Domino
765 2858 1037 2957 ,imininguatun
1064 2865 1117 2955 is,
1150 2871 1272 2955 quem.
1382 2929 1392 2941 N

207 2960 399 3036 admodum
417 2957 574 3035 Christus
593 2959 757 3033 unilusa
784 2961 866 3033 Deo
892 2963 979 3035 oleo
1002 2964 1271 3051 exsultationis,
1373 3002 1384 3035 ι.

201 3061 321 3153 'dicetz
350 3062 459 3132 Oleum
473 3080 579 3130 autem
590 3068 760 3157 peccatoris
776 3086 839 3132 non
857 3066 1031 3156 impinguet
1045 3082 1137 3157 caput
1155 3089 1268 3146 meum,
1312 3117 1314 3121 .

203 3157 381 3235 Existimo
405 3160 511 3234 etiam
528 3181 638 3249 eum,
666 3160 726 3252 qui
748 3161 903 3253 jejunat,
930 3160 977 3236 src
1002 3180 1110 3256 caput
1131 3185 1270 3261 ungere
1324 3244 1327 3251 ,

204 3261 239 3334 δι
263 3259 390 3334 faciem
417 3262 551 3338 lavare.
610 3259 660 3332 Et
683 3262 850 3352 quoniam
879 3283 954 3335 non
978 3259 1089 3336 solum
1112 3263 1269 3342 mensam

195 3358 347 3458 'paravit
368 3359 460 3451 sapie
487 3361 556 3452 tia,
582 3380 708 3433 verum
729 3362 834 3434 etiam
850 3363 886 3434 in
904 3375 1042 3441 cratere
1056 3363 1194 3436 miscuit
1214 3365 1268 3438 vi·

198 3452 356 3535 'num'ex
376 3458 447 3552 ipsa
473 3483 499 3529 v
521 3481 561 3534 ra
578 3461 655 3535 vite
678 3458 907 3554 expressum,
931 3458 1005 3534 lioc
1026 3483 1118 3535 vero
1139 3465 1268 3563 vinum
1355 3461 1361 3467 ”

202 3559 364 3650 miscuit,
391 3561 643 3633 cumhumanis
655 3558 899 3635 verbisilensus
912 3560 1055 3635 divinos
1069 3561 1266 3658 admiscuit,

205 3677 253 3732 cx
268 3659 604 3751 ejusmodi-cratere
625 3660 765 3755 fingulis
786 3658 995 3750 distribuens
1016 3654 1162 3734 calicem
1179 3684 1274 3754 praef
1340 3734 1343 3739 ,

203 3757 290 3849 bet,
317 3759 375 3852 qui
398 3761 513 3851 calix,
540 3780 620 3833 cum
640 3760 828 3853 praeclarus
842 3813 863 3845 ,¹
879 3760 952 3832 hoc
969 3759 1020 3833 est
1036 3762 1212 3855 pretiosus
1230 3763 1266 3837 δι
1390 3768 1395 3780 “

201 3857 353 3933 eximius
366 3859 428 3951 srt,
455 3859 663 3950 accipientis
679 3856 748 3931 else
764 3859 905 3935 dicitur.

281 3956 460 4054 Ejusdem]
489 3958 642 4053 Primum
667 3957 806 4050 quidem
829 3972 871 4033 ut
888 3957 1008 4049 pastor
1031 3955 1188 4032 Christus
1204 3980 1265 4049 pa·
1387 4030 1395 4039 ,.

194 4055 270 4164 {scit
286 4079 401 4165 oves,
425 4058 625 4142 nunc-vero
641 4072 682 4135 ut
692 4058 824 4235 olorifcus
839 4070 953 4135 vocat
962 4054 1096 4133 amicos
1110 4058 1151 4231 ad
1165 4060 1265 4133 men·
1307 4118 1309 4126 ,
1394 4143 1395 4147 Ν

789 4179 810 4234 2
886 4182 890 4186 ·
1145 4179 1213 4237 am.
