3075 4875
321 415 327 420 ’
391 479 462 568 tn
483 481 594 610 nrt.
620 479 917 588 Jonrcorr.
944 478 1093 574 nott.
1118 458 1147 562 r.
1257 502 1301 558 ιι

239 656 393 746 gerente
408 641 627 741 occurrerit,
652 645 937 745 pretereundum
953 664 1029 722 non
1045 641 1115 736 est,
1143 644 1240 740 qnod
1252 644 1303 719 di·

238 747 321 837 xit,
356 747 439 837 quia
464 747 606 831 servivit
629 750 759 842 populus
781 751 920 818 Domino
944 745 1086 819 omnibus
1107 747 1210 817 diebus
1239 749 1301 848 Jeae
1361 752 1365 760 '

230 846 294 938 su.-
319 865 400 917 non
420 846 509 927 dixit
531 867 640 920 unum
659 847 751 921 diem
770 844 870 923 fuiffe
890 844 996 939 Jesu,
1021 841 1080 916 sed
1101 842 1303 923 multisunt

237 944 313 1016 diet
329 941 424 1039 Jesu.
461 947 567 1040 Quos
582 965 669 1043 ergo
689 948 824 1021 multos
837 948 1004 1038 ponimus
1016 944 1091 1017 dies
1105 942 1300 1024 secundum

199 1058 204 1068 ’
232 1042 336 1125 hone
352 1044 536 1137 ordinem,
564 1067 668 1139 quem
685 1045 939 1141 exposuimus?
964 1044 1046 1140 Ego
1060 1044 1107 1126 fic
1124 1046 1302 1149 arbitror,

235 1142 426 1234 quoddies
449 1163 539 1218 unus
562 1147 666 1239 ipsius
684 1146 734 1219 est
753 1144 905 1237 iustitia,
933 1144 1019 1217 aliut
1048 1140 1318 1236 santificatio,

237 1244 325 1318 nlius
339 1244 552 1336 prudentia,
578 1247 665 1326 alius
686 1246 949 1337 misericordia,
975 1243 1072 1323 &ste
1087 1264 1151 1342 per
1168 1243 1301 1338 singula

236 1343 417 1424 virtutum
432 1344 528 1418 dona
541 1346 614 1419 dies
633 1358 889 1439 computantur
900 1344 1004 1441 Jesu,
1021 1344 1201 1434 inquibus
1220 1345 1305 1415 Dm¹

235 1440 337 1523 mino
359 1439 538 1537 servitur,
565 1447 646 1536 quia
663 1446 700 1518 in
718 1446 773 1519 his
795 1447 992 1521 virtutihus
1013 1444 1118 1524 animi
1135 1443 1299 1518 Domino

203 1632 206 1636 ⁵
235 1542 412 1646 placetur.
463 1542 533 1618 Sed
565 1546 598 1628 &
631 1545 839 1638 patientiam
873 1557 1085 1638 computato
1117 1544 1231 1636 diem,
1266 1544 1301 1622 δι

239 1638 565 1735 mansuetudinem,
580 1644 613 1717 δι
629 1646 820 1738 pietatem,
836 1644 870 1723 δι
886 1648 1105 1737 bonitatem,
1126 1642 1300 1736 &omne,

237 1739 336 1832 quod
349 1740 394 1813 ad
411 1743 584 1817 virtutem
597 1747 777 1838 pertinet,
804 1743 909 1837 ipsius
928 1745 1039 1820 dicito
1058 1744 1162 1822 diem.
1188 1742 1238 1815 Et
1250 1742 1298 1818 sto
1376 1806 1379 1811 .

237 1840 273 1921 in
296 1839 467 1916 omnibus
491 1844 615 1920 diebus
639 1843 720 1942 Jesu
738 1844 903 1922 Domino
925 1842 1081 1935 servies,
1106 1841 1233 1934 idest,
1259 1844 1298 1921 in

242 1941 406 2022 omnibus
432 1941 487 2018 his
509 1943 717 2028 virtutibus,
778 1943 870 2024 Non
894 1945 988 2018 enim
1009 1944 1092 2026 vult
1117 1940 1298 2033 scripture
1350 1986 1353 1993 ·

237 2037 358 2112 nneae
372 2039 573 2135 institutio,
598 2057 640 2116 ut
657 2045 789 2137 aliquas
808 2066 853 2117 ex
869 2044 922 2117 hir
946 2042 1142 2118 virtutibus
1165 2041 1297 2118 habear

234 2140 346 2231 inte,
373 2139 509 2230 &olias
522 2146 701 2241 negligas,
727 2144 786 2219 sod
794 2160 836 2224 ut
849 2146 1015 2222 omnihus
1032 2142 1086 2219 his
1103 2141 1298 2215 virtutihus

236 2239 451 2334 adornatur,
477 2241 698 2328 &inertum
718 2245 852 2322 ritibus
869 2245 1005 2338 positus
1020 2240 1151 2315 servias
1172 2241 1300 2313 Domi-

234 2360 296 2420 no,
350 2338 493 2417 Eodem
516 2345 629 2417 modo
654 2346 730 2438 quis
753 2348 859 2428 etiam
884 2344 1063 2420 seniorum
1089 2342 1163 2423 dies
1187 2341 1297 2420 habet

235 2442 272 2513 in
294 2438 351 2533 se,
387 2440 476 2524 &in
498 2441 623 2517 diebus
648 2438 775 2521 eorum
795 2446 907 2520 servit
923 2444 1111 2535 Domino,
1145 2441 1298 2547 implent

235 2540 344 2633 iliud,
372 2540 940 2638 quoddicitApostoiorPaolust.
968 2541 1299 2638 imitatoresmeiesso·

235 2657 285 2729 tr,
304 2643 391 2736 ficut
406 2639 455 2717 0-
469 2668 518 2741 egr
542 2646 669 2743 coryti.
1238 2643 1242 2648 ⁸

307 2761 344 2835 4.
374 2742 415 2813 ln
432 2741 558 2832 dirim,
586 2745 725 2837 inquit,
741 2746 902 2835 senorum
917 2768 1048 2836 ertum,
1081 2746 1138 2839 'qui
1153 2758 1299 2834 regnove·

210 2868 213 2881 ·
235 2854 312 2915 runt
325 2845 433 2911 omnia
444 2852 535 2939 opera
546 2850 689 2928 Domini,
717 2844 810 3017 (guin
826 2847 889 2937 est,
899 2847 957 2936 qui
974 2839 1162 2939 cognoscit
1176 2840 1298 2920 omnia

235 2960 346 3034 opera
359 2940 533 3034 Domini,
569 2944 632 3025 nist
652 2944 715 3037 qut
748 2946 819 3021 anit
836 2946 909 3023 ea?
934 2941 1146 3024 sicutenim
1166 2941 1298 3023 dietum

235 3038 284 3115 est
300 3042 349 3119 dr
366 3036 449 3121 fitne
471 3042 577 3137 Heli,
603 3047 684 3137 quia
705 3042 818 3119 essent
830 3048 903 3138 filii
920 3046 1124 3142 pessr'lenriae,
1158 3047 1296 3130 nescien-
1360 3109 1362 3113 .

235 3157 281 3213 res
303 3138 508 3231 Dominum,
534 3164 611 3217 non
635 3147 733 3237 quod
757 3150 966 3242 ignorarent
989 3140 1208 3234 Dominum,
1235 3141 1297 3233 qui

234 3241 359 3334 utique
385 3240 420 3317 ἁ
444 3242 613 3316 doiiores
647 3260 750 3323 etant
783 3260 1022 3335 ceterorum,
1048 3242 1107 3319 sed
1128 3244 1224 3331 ¹quit
1249 3242 1299 3318 stc

234 3345 405 3437 rgebnnm
431 3356 473 3414 ut
488 3357 597 3440 agunt
611 3345 681 3436 illi,
709 3347 769 3436 qui
786 3347 949 3425 nesciunt
967 3343 1196 3430 Dominum:
1222 3343 1298 3421 hoo

233 3442 346 3516 modo
366 3442 487 3514 etiam
516 3444 576 3517 hic
603 3442 823 3539 sentiendum
850 3444 931 3537 est,
967 3443 1066 3534 quod
1096 3441 1207 3522 dicit:
1241 3444 1300 3538 qui

235 3557 445 3635 cognoverunt
459 3567 546 3617 oront
565 3564 637 3640 opus
657 3549 796 3618 Domini.
838 3541 887 3616 Et
908 3564 984 3622 non
1004 3541 1143 3633 solum,
1167 3541 1299 3634 inquit,

235 3654 493 3739 cognoverunt
520 3663 614 3738 opus
642 3643 820 3739 Domini,
856 3644 915 3720 sed
934 3643 1092 3733 addidit,
1128 3651 1183 3738 qui
1209 3664 1300 3719 omne

234 3746 307 3839 rp'ru
325 3760 538 3837 cognoverunt
558 3748 693 3814 Domi-ni
705 3768 715 3820 t
740 3743 875 3835 idest,
902 3745 963 3833 qui
984 3740 1301 3844 cognoverunt&

185 3902 188 3907 .
231 3841 372 3937 justitie
404 3862 497 3935 opus
528 3842 703 3935 Domini,
738 3845 774 3919 δι
799 3842 1086 3935 sanitifleationit
1112 3862 1227 3932 opus,
1263 3841 1300 3922 δι

233 3943 439 4036 patientie,
465 3941 499 4016 δι
521 3940 825 4038 mansuetudinis,
862 3942 1070 4035 &pittatio
1121 3939 1170 4020 Et
1191 3962 1303 4022 omno

233 4041 401 4139 quiequid
422 4060 467 4114 err
484 4042 656 4117 mandatis
677 4045 747 4118 Dei
766 4045 899 4139 renit-²
927 4062 1018 4134 opor
1045 4039 1192 4119 Domini
1213 4040 1300 4118 diei.

232 4155 301 4218 tur.
353 4138 426 4218 Sed
439 4138 531 4221 ficut
544 4141 594 4224 est
612 4142 902 4251 operemini,
928 4140 981 4229 est,
995 4136 1072 4230 intr
1090 4139 1207 4227 nomm
1220 4142 1325 4225 nmo
1344 4195 1369 4223 χ
