3075 4875
415 361 483 485 ru
505 406 617 484 nnn.
643 404 881 500 annum,
906 403 1056 496 nou.
1081 403 1125 485 n.
1228 343 1308 511 109*
1346 471 1351 508 ἱ
1383 389 1386 398 “

234 586 372 664 vatore
385 570 511 657 nostro
526 569 681 643 dicatur:
708 573 748 640 Si
761 569 1057 669 credererisMrpfi,
1083 568 1298 663 credereris&

232 675 337 744 mihi:
368 674 404 741 dr
420 689 469 742 me‘
482 677 568 740 enim
593 672 643 741 ida
659 670 788 764 scripfit.
839 674 879 742 Si
892 671 1023 761 scriptia
1042 670 1128 738 idrus
1150 695 1215 740 nun
1232 693 1300 743 crea

232 775 340 863 datis,
367 772 511 869 quomodo
533 770 639 854 uerbis
655 762 731 839 meis
751 766 914 841 credetis?
949 765 998 838 Et
1020 770 1123 839 venit
1146 769 1184 841 in
1204 772 1322 845 hanc.
1358 825 1360 832 ι

234 871 350 944 vitam
374 868 555 961 Christus,
582 869 614 941 &
634 872 890 962 praenuntiatur
912 865 1069 939 Christus
1084 868 1121 939 in
1137 868 1228 941 hanc
1243 873 1297 943 vi·

235 984 309 1043 tarn
332 970 538 1042 adveniens.
587 968 623 1040 Si
649 966 797 1063 Moysen
823 970 867 1041 de
891 970 956 1040 illo
974 967 1039 1047 hic
1052 970 1295 1059 praerrunciat3
1315 1033 1318 1040 .

234 1090 313 1143 non
326 1068 390 1151 *vis
411 1068 444 1141 δι
466 1066 576 1161 ipsum
594 1068 678 1139 illuc
696 1066 929 1157 descendisse,
956 1079 999 1138 ut
1019 1064 1192 1139 Christum
1210 1090 1297 1159 prae·

234 1169 376 1264 diceret
386 1166 698 1264 eomigraturum?
725 1168 824 1266 Quid
835 1164 974 1259 porro?
996 1163 1146 1256 Moyses
1159 1167 1193 1237 id
1203 1170 1295 1261 egit:

233 1268 364 1358 reliqui
386 1265 575 1359 Propheta
596 1288 672 1339 non
693 1264 808 1340 item?
834 1266 970 1337 Nonne
984 1262 1156 1336 Samuel?
1183 1268 1297 1361 Quid·

233 1375 318 1439 n'am
338 1364 476 1461 absurdi
496 1364 572 1457 est,
605 1365 765 1460 medicos
786 1366 830 1440 ad
851 1366 942 1439 male
968 1361 1001 1435 se
1025 1364 1196 1436 habentes
1223 1364 1297 1439 des·
1369 1459 1372 1463 ἡ

236 1464 425 1539 cenderel
460 1464 557 1565 Quid
578 1464 715 1537 absurdi
744 1464 818 1557 est,
852 1464 1048 1558 principem
1072 1465 1309 1541 medicorumx
1390 1475 1392 1482 '

236 1567 281 1637 ad
297 1577 512 1659 aegrotantes
532 1563 773 1638 descendere?
798 1566 853 1637 llli
870 1563 999 1639 medici
1010 1562 1155 1652 quidem
1170 1580 1294 1659 erant,
1384 1568 1391 1579 '

235 1664 270 1735 δι
289 1662 369 1736 sane
384 1665 505 1752 multi:
532 1677 568 1735 at
582 1663 760 1736 Dominus
777 1685 875 1740 meus
895 1666 928 1737 n
946 1664 1113 1756 Salvator
1127 1665 1294 1757 princeps
1318 1688 1337 1720 ν

235 1783 364 1836 eorum
383 1762 459 1837 bsh·
495 1760 638 1836 Etenim
657 1764 839 1836 internum
854 1762 1081 1852 desiderium,
1109 1766 1297 1853 quodnon
1367 1827 1393 1865 a

234 1860 356 1955 potest
372 1864 416 1933 ab
434 1864 507 1938 aliis
527 1864 666 1952 curari,'
688 1877 790 1935 curat
807 1863 897 1956 ipse:
924 1861 1021 1953 quod
1038 1883 1056 1932 a
1072 1862 1214 1933 nemine
1228 1886 1295 1955 po·

235 1963 306 2033 tuit
322 1961 543 2034 medicorum
561 1959 691 2055 sanari,
720 1962 860 2035 sanatur
885 1983 904 2033 a
928 1960 1069 2032 Christo
1092 1960 1184 2053 Jesu.
1233 1962 1296 2035 Ne
1386 1952 1392 1965 ’

237 2062 375 2134 timeas.
425 2058 486 2131 Ne
505 2059 653 2135 mireris.
706 2060 863 2134 Christus
890 2064 927 2134 in
949 2060 1127 2132 infernum
1151 2059 1293 2156 descen·

236 2161 309 2252 dit,
337 2159 370 2229 u
389 2172 472 2239 ante
491 2181 572 2231 eum
592 2158 804 2253 Prophetae,
832 2163 890 2253 qui
909 2160 983 2251 ejus
996 2161 1192 2232 adventum
1206 2180 1294 2251 prae-

235 2260 413 2331 dicebant.
463 2253 603 2331 Addam
617 2278 790 2351 praterea
815 2260 978 2350 &aliud‚
1005 2256 1126 2331 nescio
1146 2261 1229 2349 quid
1247 2281 1294 2333 ex

234 2357 305 2453 ipsa
328 2356 508 2451 scriptura.
570 2359 710 2433 Samuel
732 2360 914 2448 ascendit3
942 2346 1084 2432 &ecce
1103 2358 1185 2431 Saul
1207 2359 1295 2432 dicit
1324 2448 1327 2452 q

234 2454 268 2531 se
289 2457 413 2531 uidisse
429 2458 596 2531 animam:
621 2481 697 2532 non
714 2461 802 2532 ‘dicit
815 2461 996 2533 hominem
1011 2459 1044 2532 se
1062 2458 1198 2533 vidisse.
1231 2458 1295 2531 Ti·
1340 2531 1346 2541 ,

233 2558 343 2654 mant,
372 2577 476 2647 quern
495 2557 606 2628 vidit:
633 2573 787 2650 atquem
801 2558 923 2632 vidit?
953 2563 1055 2640 Deos,
1081 2559 1217 2650 inquit,
1245 2583 1294 2653 ego

235 2661 328 2748 vidi,
355 2659 421 2726 deos
436 2658 632 2742 ascendentes
648 2675 773 2730 eterra.
826 2657 1028 2731 litfortalie
1045 2672 1132 2729 tunc
1149 2678 1225 2730 non
1238 2657 1293 2732 so·

235 2757 289 2830 lus
303 2753 459 2829 ascendit
472 2755 610 2830 Samuel
627 2757 719 2830 Sauli
738 2760 1010 2853 vaticinaturus„
1062 2757 1131 2828 Sed
1145 2757 1294 2830 consen·

235 2869 381 2930 taneurn
401 2853 476 2948 est',
504 2857 805 2946 quemadmodum
832 2859 909 2930 hic:
946 2863 1023 2928 Cum
1039 2855 1149 2946 flantia
1162 2855 1295 2943 sanlius

237 2966 317 3042 tris,
344 2957 382 3030 (5
398 2979 465 3024 cum
484 2956 608 3027 domine
632 2962 799 3030 innocente
817 2962 1070 3041 innocenseri13
1096 2954 1134 3031 (5
1152 2981 1219 3026 cum
1236 2957 1293 3041 ela·
1368 3026 1370 3032 .

236 3054 283 3128 sia
297 3052 500 3127 elesiusaris:
524 3052 674 3145 suntque
688 3057 745 3129 hic
757 3054 954 3129 sandlorum
972 3078 1051 3129 cum
1069 3054 1189 3128 landis
1206 3075 1293 3128 con-

236 3152 458 3240 suetudinem
483 3168 519 3226 at
533 3174 608 3227 non
626 3153 824 3227 sanctorum
844 3177 923 3233 curn
935 3157 1305 3250 praevaricatoribus:v

237 3254 317 3328 &fi
342 3254 556 3346 quandoque
582 3252 660 3326 fieri
688 3253 812 3348 polit,
839 3272 881 3326 ut
904 3255 1100 3327 sandorum
1119 3277 1189 3329 una
1211 3264 1302 3328 dum'

236 3353 486 3448 peccatoribus
508 3353 730 3426 consuetudo
753 3355 816 3447 fit,
851 3370 892 3426 ut
918 3354 1129 3448 peccatores
1156 3339 1293 3429 salven·

236 3467 303 3525 tur.
356 3450 516 3525 Fortasse
541 3456 607 3525 hac
631 3453 773 3526 ratione
796 3475 868 3525 una
891 3454 1152 3535 edeamuele
1175 3453 1293 3526 ascen·

238 3553 345 3626 dente
361 3551 594 3625 ascenderunt
611 3553 716 3625 etiam
733 3555 882 3625 aliorum
896 3550 1152 3648 Prophetarum
1170 3556 1292 3628 anina

230 3651 370 3727 sandlae.
412 3647 543 3722 Forsan
563 3656 717 3742 quaeres,
744 3673 788 3724 an
803 3651 937 3741 suerint
958 3652 1088 3748 Angeli
1110 3650 1212 3746 super
1227 3655 1292 3745 spi·

237 3748 362 3824 ritibus
388 3769 524 3823 eorum.
574 3751 756 3842 Propheta
780 3754 891 3823 dicit:
919 3757 1080 3843 Angelus,
1111 3761 1166 3848 qui
1193 3755 1293 3849 loqui·

237 3868 346 3922 turm
361 3875 419 3924 me.
470 3849 543 3922 Vel
562 3851 691 3944 Angeli
706 3870 830 3942 erant,
859 3854 917 3943 qui
931 3873 1001 3923 una
1018 3874 1097 3923 curn
1113 3852 1291 3944 spiritibus

237 3950 491 4039 ascenderunt,
526 3953 714 4043 omniaque
740 3952 783 4021 ad
817 3952 997 4045 egentium
1023 3951 1167 4024 salutem
1193 3957 1298 4024 com·'

236 4051 356 4145 pient:
385 4051 635 4141 Etumneslirnt
644 4056 782 4146 inrr'tus
799 4046 1034 4150 danqlrantes,
1061 4063 1171 4150 quim
1192 4056 1292 4121 mani·
1352 4060 1355 4066 “

581 4171 584 4175 ’
618 4171 619 4174 ’
1119 4155 1249 4251 limiam
