3075 4875
376 357 835 509 ruiiussnnoum
861 415 1084 498 nomn.
1124 527 1127 532 ⁵
1198 441 1269 544 {07

205 583 332 675 muel,
353 581 492 658 daemon
512 585 707 675 mentitur,
738 603 820 659 curn
839 570 1105 676 ipsascriptura
1121 579 1269 662 mentiri
1285 646 1291 657 χ

202 699 285 758 non
305 683 420 777 poffit.
471 683 596 758 Verba
619 705 711 756 vero
734 682 913 775 scripturae
933 680 1031 756 sunt:
1056 704 1133 757 non
1155 704 1175 759 a
1201 682 1268 757 dae·

203 805 338 862 mone,
366 782 425 857 sed
447 783 490 853 ab
517 784 610 858 illius
640 782 786 861 audore
809 780 888 859 sunt
915 784 1081 873 prolata:
1110 781 1156 855 Et
1179 785 1267 855 vidit

205 887 324 956 muter
337 884 521 961 Samuelem.
571 883 674 959 Dixit
690 883 794 975 Saul,
821 902 899 973 quae
916 883 1061 958 locutus
1080 880 1267 960 fueratsa·

204 983 314 1058 muel.
365 985 527 1078 Quanam
547 982 654 1078 igitur
672 984 837 1076 ratione,
865 1004 941 1073 quae
955 983 993 1059 in
1013 982 1087 1058 hoc
1107 982 1195 1053 loco
1221 982 1271 1058 de¹
1327 1063 1329 1068 ,

203 1083 440 1173 ventriloqua
457 1083 687 1176 dubitantur,
713 1080 930 1172 solventur?
958 1084 1093 1181 Quaero
1109 1102 1128 1158 a
1145 1084 1265 1173 primae

203 1183 298 1256 illius
320 1175 515 1266 i'ententi'ae¹
529 1181 696 1263 auditores
730 1181 870 1281 Samuel
890 1182 982 1273 apud
1002 1180 1168 1255 inferos?
1196 1181 1263 1270 dte.

203 1272 438 1374 Respondeat
459 1282 756 1379 adinterrogata:
784 1282 862 1376 quis
876 1280 1017 1374 major,
1036 1280 1197 1371 Samuel,
1220 1301 1266 1355 an

160 1438 163 1448 .
205 1380 305 1482 Jcsus
335 1380 521 1465 Christus?
554 1382 633 1476 quis
665 1383 803 1475 major,
837 1381 1053 1475 Prophetae,
1088 1401 1132 1457 an
1165 1378 1266 1475 Jesus
1363 1427 1365 1432 ,

206 1479 396 1556 cbristus?
424 1482 500 1571 quis
521 1484 657 1579 maior,
684 1484 885 1582 Abraham,
912 1477 1065 1576 anJesus
1080 1476 1267 1580 Christus?
1351 1478 1353 1484 ’

206 1580 299 1655 Sane
317 1581 377 1654 hic
395 1601 503 1656 nemo
522 1602 670 1674 eorum,
698 1584 757 1675 qui
778 1585 841 1659 vel
859 1602 929 1655 uua
945 1582 1028 1654 vice
1044 1594 1183 1656 tantum
1204 1576 1267 1654 sci,

205 1701 246 1754 re
263 1682 410 1776 potuit,
429 1678 544 1775 Jesum
565 1680 740 1758 Christum
755 1680 848 1775 effe,
874 1681 933 1773 qui
947 1678 1167 1772 aProphetis
1181 1701 1268 1781 prae·=

207 1780 401 1855 nunciatus
428 1779 498 1872 est,
536 1781 682 1860 audebit
703 1782 862 1871 dicere,
882 1777 1059 1855 Christum
1089 1800 1165 1851 non
1197 1775 1268 1851 effe

206 1880 381 1971 majorem
400 1878 602 1971 Prophetis.
653 1881 745 1957 Cum
762 1881 883 1978 itaque
901 1876 1077 1957 Christum
1096 1879 1271 1969 majorem
1291 1875 1295 1884 '

207 1979 398 2064 fateberis3
426 1977 630 2077 Christusne
650 1981 744 2078 apud
758 1977 923 2060 inferos?
946 1977 1082 2057 Nonne
1095 1980 1270 2078 illucper·¹

209 2076 339 2153 venit?
364 2076 502 2160 Nonne
525 2101 652 2152 verum
676 2080 748 2173 est,
775 2082 873 2175 quod
896 2082 932 2154 in
949 2077 1098 2159 Psalmis¹
1113 2079 1276 2170 dicitur,

210 2175 498 2271 &abApostolis
514 2180 551 2250 in
567 2177 716 2253 Anthus
734 2182 1014 2277 interpretatur,
1038 2179 1268 2260 salvatorem

210 2278 253 2353 ad
267 2275 405 2351 inferos
421 2255 657 2356 descendite?
684 2281 797 2377 Quod
812 2281 849 2358 iu
861 2280 998 2359 Psalmo
1013 2279 1152 2359 decimo
1167 2280 1268 2380 quin*
1290 2277 1294 2282 ’
1352 2355 1355 2363 ,

208 2390 251 2451 to
269 2378 425 2474 legitur,
452 2377 495 2451 ad
515 2376 628 2471 ipsum
647 2380 775 2460 referri
793 2377 961 2477 scriptum
982 2378 1055 2459 est:
1083 2386 1165 2464 Nou
1183 2385 1267 2457 dere.

209 2479 335 2578 linques
353 2483 492 2553 animam
513 2503 610 2553 meum
625 2483 664 2552 in
685 2481 842 2570 inferna,
866 2507 922 2552 uec
941 2481 1027 2550 dabis
1038 2485 1157 2579 justum
1175 2500 1269 2558 tuum

208 2581 577 2668 uiderescorruptiuuem.
629 2579 664 2654 si
684 2580 863 2674 deinceps
890 2579 1148 2676 respondebit,
1185 2584 1278 2674 quia,

210 2676 368 2771 Christus
392 2678 435 2750 ad
452 2677 591 2763 inferos
616 2679 823 2760 descendit:
851 2683 934 2776 quid
955 2679 1128 2760 asturus?
1154 2682 1266 2764 vitiu,

208 2796 342 2868 rusne,
368 2799 412 2858 an
428 2799 448 2854 a
464 2793 583 2854 morte
604 2779 836 2862 vincendus?
866 2780 1061 2859 Descendit
1083 2783 1126 2862 ad
1140 2784 1268 2861 iilam«

211 2896 272 2968 ca,
299 2880 381 2954 non'
396 2891 562 2969 tanquam
578 2879 701 2958 servus
725 2900 880 2973 eorum,
907 2882 966 2972 qui
986 2882 1035 2961 ibi
1055 2898 1182 2971 erant,
1207 2881 1267 2966 sed

209 2992 376 3070 tauquam
392 2977 570 3053 Dominus
588 2979 855 3070 decertaturus,
871 2996 922 3051 nut
934 2983 1031 3075 prius
1046 2983 1268 3076 dicebamus,

210 3076 292 3150 dum
308 3074 476 3170 psalmum
496 3078 699 3172 vigesimum
716 3080 869 3172 primum
889 3081 1167 3172 explicaremus:
1196 3076 1272 3153 Cir*

211 3179 429 3248 cumdederunt
447 3202 493 3247 me
510 3179 614 3251 uituli
629 3179 741 3266 multi,
768 3185 859 3255 tauri
869 3186 1002 3281 pingues
1020 3183 1197 3269 obfidmtmt
1209 3207 1267 3265 me,
1326 3184 1330 3193 ’

211 3284 415 3372 Aperuerum
430 3278 524 3374 super
548 3302 595 3349 mc
616 3304 648 3350 os
671 3275 784 3369 ficum,
800 3279 885 3379 ficut
906 3284 951 3356 lec
974 3286 1121 3376 rapiens,
1154 3279 1193 3358 (5
1216 3262 1269 3353 ri·
1323 3315 1325 3319 ¹

208 3378 308 3470 gieusL
364 3379 594 3472 Dilperfasuut
612 3385 719 3451 omnia
735 3376 795 3470 offir
811 3405 887 3452 mea.
926 3379 1018 3456 Sane
1034 3383 1270 3465 recordamur

211 3477 412 3551 divinarum
434 3479 641 3571 literarum,
668 3500 820 3569 namque
838 3482 914 3554 haeo
929 3481 967 3553 in
988 3482 1123 3574 psalmo
1141 3483 1276 3577 orgen·

212 3599 271 3651 mo
295 3578 413 3668 primo
433 3575 561 3668 scripta
579 3577 649 3651 effe
670 3580 826 3660 memini.
877 3577 988 3676 Igitur
1007 3574 1183 3662 Saiuator⁴
1197 3580 1271 3666 dei*-

213 3678 353 3769 cendit,
379 3689 421 3750 ut
441 3676 630 3769 liberaret,
657 3677 886 3755 descenditne
902 3681 988 3753 illuc
1009 3683 1273 3774 praenunciatus

212 3797 231 3849 a
254 3776 476 3869 Prophetis,
503 3797 548 3848 an
570 3777 674 3851 non?
712 3777 765 3853 At
784 3779 843 3851 hic
865 3779 1014 3870 ¹quidem
1039 3803 1058 3853 a
1078 3781 1273 3872 Prophetis
1301 3853 1305 3861 ,

211 3873 471 3968 praenunciatus
490 3875 566 3962 est;
594 3879 663 3949 alio
682 3899 776 3950 vero
800 3873 983 3954 descendit
1004 3902 1080 3954 non
1102 3901 1168 3973 pet
1186 3881 1275 3957 Pto·

210 3974 363 4067 phetas?
397 3973 546 4066 Moyses
569 3976 655 4050 item
676 3973 788 4069 ipsum
807 3982 1027 4070 praenunciat
1050 4000 1119 4070 pro
1140 3999 1274 4074 genero

210 4076 369 4150 humano
386 4074 649 4170 adventurum,
674 4078 724 4150 ita
745 4091 787 4150 ut
810 4073 906 4152 tetta
924 4077 1127 4155 a'Domino
1151 4077 1278 4153 &Sab

1088 4192 1233 4253 *astuto
