3075 4875
233 496 280 567 ῃ
368 403 372 414 Ι
462 551 468 562 ,
552 421 955 570 OR¹1GENIS
1302 332 1329 514 ³

232 655 304 708 vor
319 653 422 731 reget
435 631 536 727 estis,
561 637 693 712 merito
712 656 777 710 rex
790 633 911 711 noster
928 631 1085 710 Christus
1104 632 1285 710 Dominus
1324 673 1328 720 ι

235 738 307 828 Rex
323 735 452 824 dicitur
463 739 598 829 Regum,
623 736 662 813 θ
675 742 832 809 Dominus
847 740 1097 815 dominantium
1117 735 1189 809 Sed
1203 735 1289 810 stcut
1323 751 1330 824 ’ς

234 834 403 908 exrdtatir
426 834 471 907 de
490 825 689 909 nobilitatis
712 837 836 911 vestre
852 838 984 929 titulo,
1002 834 1065 908 ita
1080 831 1216 910 discere
1232 835 1289 908 de·

233 935 353 1025 betis,
384 933 473 1025 quid
504 936 644 1031 agendo
673 935 907 1030 unusquisque
934 933 1090 1007 vestrum
1120 931 1186 1007 fiat
1211 954 1286 1009 rer⁴
1321 861 1330 1032 ς

234 1033 347 1132 Quod
365 1035 472 1106 vobis
486 1034 537 1107 ita
551 1038 713 1109 breviter
727 1034 902 1111 definiam.
928 1034 1064 1129 Regem
1078 1031 1116 1105 te
1131 1035 1288 1110 omniun
1320 1073 1328 1136 4

234 1133 303 1206 elle
318 1131 431 1223 facit,
468 1132 493 1206 sr
512 1150 640 1230 regnet
659 1134 817 1212 Christus
839 1137 876 1215 in
894 1152 943 1208 te.
993 1133 1074 1206 Rex
1097 1153 1251 1224 namque
1269 1153 1289 1206 a
1315 1147 1330 1223 ἰ

232 1234 393 1328 regendo
416 1231 527 1306 dictus
547 1233 608 1309 est.
659 1235 695 1310 Si
712 1256 801 1333 ergo
827 1235 913 1308 &in
933 1248 972 1306 te
987 1234 1121 1306 animus
1140 1246 1288 1328 regnat,
1323 1279 1330 1321 ,

224 1331 271 1404 dr
292 1350 422 1423 corpus
445 1336 692 1429 obtemperat,
719 1335 742 1410 sr
762 1332 1068 1429 concupiscentias
1090 1330 1287 1405 carnissub
1318 1373 1330 1422 ξ

230 1431 354 1526 iugum
367 1430 505 1523 imperii
524 1435 576 1504 tui
594 1435 735 1530 mittas,
761 1437 787 1509 fi
808 1436 981 1507 vitiorum
1007 1446 1131 1527 gentes
1156 1428 1288 1504 sobrie·
1323 1475 1330 1522 q

233 1532 317 1614 tetis
333 1546 403 1602 tuae
419 1531 527 1604 frenis
543 1532 752 1608 milioribus
772 1555 934 1628 premas,
959 1533 1090 1605 merito
1109 1550 1176 1604 rex
1198 1531 1287 1620 dice·
1324 1572 1330 1620 ι

197 1697 201 1706 .
234 1630 306 1722 rit,
332 1630 391 1721 qui
407 1643 443 1705 te
458 1630 553 1705 redte
571 1655 676 1730 agere
690 1636 851 1710 noverit.
903 1632 993 1705 Cum
1009 1652 1096 1725 ergo
1118 1633 1199 1703 talis
1216 1628 1287 1703 fue·
1311 1641 1329 1720 ';

234 1730 283 1801 ris
304 1728 474 1826 effecius,
506 1732 612 1829 digne
629 1731 672 1807 ut
690 1755 755 1809 rex
778 1735 821 1808 ad
840 1732 1016 1805 audienda
1036 1729 1157 1802 divina
1178 1732 1287 1803 verba
1323 1773 1329 1816 ς

233 1830 437 1906 vocaberis.
488 1831 576 1906 Hoc
591 1854 681 1908 vero
700 1835 798 1929 quod
814 1831 1055 1925 subsequitur,
1080 1830 1190 1925 magis
1212 1850 1287 1908 cor·
1325 1875 1330 1912 r

234 1948 387 2024 poreunt
407 1932 536 2025 aliquid
554 1932 713 2029 indicat,
739 1934 837 2028 quod
850 1923 957 2005 ‘dicitr
982 1930 1123 2001 Auribus
1137 1934 1287 2026 percipite

233 2052 337 2101 omnes
355 2034 509 2125 Serapa.
547 2032 648 2105 Sicut
665 2039 757 2109 enim
772 2033 960 2124 inferiores
980 2031 1060 2101 sunt
1072 2029 1215 2123 regibus
1232 2027 1287 2101 Sa·
1319 2077 1321 2084 ·

196 2135 205 2150 '
233 2140 369 2221 trapae,
395 2130 652 2206 irritantibus
671 2123 856 2232 perci&
875 2129 1022 2203 inseriue
1038 2125 1286 2221 videturesse,

234 2247 339 2317 quam
361 2228 493 2305 audire.
544 2228 682 2308 Audire
704 2228 868 2323 namque,
884 2229 927 2301 ad
948 2227 1158 2318 interiorem
1182 2229 1288 2320 perti·

232 2339 298 2416 net
313 2326 494 2402 hominem
504 2371 531 2412 γ
547 2329 637 2403 ficut
655 2333 689 2405 ἀ
704 2331 883 2406 Dominus
907 2328 1073 2400 dicebat:
1104 2331 1177 2422 Qus·
1198 2330 1289 2400 haer
1325 2345 1329 2352 ·

232 2451 324 2498 aures
341 2429 510 2514 audiendi,
541 2430 665 2507 audiar.
707 2429 874 2504 Auribus
896 2450 987 2502 vero
1010 2427 1219 2521 percipere,
1246 2425 1287 2501 ad
1322 2500 1326 2507 .

232 2527 451 2601 exteriorem
477 2528 512 2600 dc
537 2536 762 2624 corporalem
789 2530 946 2625 pertinet
971 2526 1139 2604 auditum.
1199 2527 1287 2603 Ideo

233 2646 320 2721 ergo
337 2626 442 2699 &hic
457 2630 526 2721 illi,
553 2634 612 2720 qui
630 2633 751 2705 audire
768 2631 962 2721 deberent,
988 2645 1090 2722 reges
1107 2626 1286 2722 dicuntur,

234 2727 293 2818 qui
307 2746 399 2799 vero
412 2729 554 2802 auribus
568 2735 776 2825 percipere,
795 2729 948 2821 Satrapae
961 2726 1197 2821 appellantur.
1226 2730 1287 2821 Epo

233 2828 531 2920 Dominorantebo,
548 2832 676 2930 psndanr
689 2837 754 2903 Deo
766 2831 872 2916 Heres.
897 2828 998 2901 Beati
1013 2823 1112 2920 sunt,
1135 2830 1196 2920 qui
1211 2822 1286 2920 pos·

232 2923 312 2999 stmt
327 2941 470 3001 cantare
484 2930 661 3007 canticum
676 2931 860 3021 Domino,
878 2925 968 3001 Cum
980 2925 1137 2999 redimus
1152 2927 1196 2999 ad
1211 2926 1289 2999 scri-

232 3040 380 3119 pturas,
395 3030 506 3101 multa
521 3032 660 3106 cantica
677 3031 778 3103 sacris
797 3028 962 3103 mandata
971 3025 1222 3100 voluminibus
1238 3029 1288 3101 in·

232 3124 411 3220 venimus,
460 3129 644 3205 Habemus
668 3133 846 3226 integrum
866 3129 1042 3200 volumen
1068 3125 1112 3196 de
1140 3127 1288 3199 canticis

234 3225 456 3297 canticorum
471 3226 650 3322 scripturn.
701 3227 798 3303 Ecce
817 3228 904 3301 &in
923 3228 995 3299 hoc
1012 3224 1106 3296 libro
1125 3225 1288 3320 Judicum
1326 3250 1330 3267 ·

231 3322 401 3396 habemus
416 3329 615 3412 canticum,
642 3330 677 3400 dt
693 3329 730 3401 in
746 3327 916 3403 Numerio
930 3324 1106 3397 canticum
1121 3322 1288 3418 scripturn

231 3421 303 3515 est,
329 3423 363 3494 dr
381 3425 418 3497 in
435 3425 745 3521 Deuteronomio,
771 3429 804 3500 dr
826 3427 863 3499 in
877 3424 1038 3517 Exodo,
1063 3423 1152 3498 &in
1170 3428 1288 3518 primo

229 3521 439 3617 Regnorum
454 3525 559 3602 libro.
585 3529 627 3601 ln
645 3529 763 3621 primo
783 3529 890 3600 etiem
906 3524 1232 3619 Paralipomenon,
1256 3526 1288 3597 ἃ
1319 3534 1325 3541 ’

229 3621 268 3694 in
293 3622 367 3694 aliis
392 3627 511 3698 multis
532 3627 624 3700 locis
646 3628 810 3700 invenies
834 3626 977 3709 cantica
998 3624 1119 3696 divina
1137 3622 1208 3698 elle
1231 3626 1289 3699 de·

229 3719 370 3813 scripta.
404 3721 469 3797 Ait
483 3747 571 3822 ergo
589 3724 664 3802 haec
681 3749 757 3799 vox
775 3724 876 3817 iusti:
905 3726 971 3823 Ego
990 3729 1126 3795 Domino
1139 3727 1289 3805 cantabo,

227 3825 359 3918 psallam
377 3829 444 3896 Deo
466 3828 568 3918 lsrael.
619 3829 711 3921 Quis
734 3842 838 3918 putas
855 3824 907 3895 ita
925 3844 1066 3898 canorae
1087 3826 1193 3898 vocis
1217 3824 1286 3907 est,
1315 3868 1321 3931 q

231 3922 334 3994 &ita
352 3920 492 4016 spiritus
517 3927 597 4019 puri
619 3923 816 4016 mentisque
842 3924 1008 4015 sincerae,
1041 3934 1084 3997 ut
1111 3922 1288 3999 cantilena
1324 3970 1330 4003 r

230 4025 305 4113 ejus
323 4024 482 4098 divinum
505 4024 679 4099 delectare
697 4025 803 4119 possit
817 4021 1005 4095 auditum?
1038 4024 1102 4096 llle
1121 4024 1286 4118 profesio

194 4146 197 4153 ·
225 4119 307 4217 est,
331 4127 393 4224 qui
411 4127 548 4218 nullum
566 4147 712 4201 raucum
736 4126 847 4198 habet
865 4125 904 4196 in
923 4119 957 4195 se
980 4126 1120 4216 peccati
1141 4123 1286 4216 sonum,

1178 4228 1238 4318 qui
