3075 4875
401 398 684 577 sirtori
709 482 776 560 ru
800 482 1099 562 rsttuos.
1174 478 1283 579 ’μς

215 643 301 714 modo
319 658 349 715 te
366 663 505 741 oporteat
520 653 558 717 in
573 651 658 719 domo
681 652 815 720 Domini
829 640 1030 737 conversuri,
1057 645 1130 743 quo¹
1142 644 1282 743 esserele·
1375 634 1380 644 ’

206 744 258 841 ſsa
280 748 345 815 Dei
365 752 453 820 vivi.
519 747 645 841 Juxtra
667 762 855 845 utramque
881 746 1202 820 confideretionem
1225 748 1287 817 in„
1390 837 1392 842 Ι

213 844 375 939 greditur
395 846 531 936 wquistin
552 848 696 921 domum
720 848 892 939 Domini,
925 846 1107 918 &adorat
1127 848 1170 921 ad
1189 859 1278 917 tem·
1329 913 1331 917 .
1391 845 1395 860 '

213 945 314 1035 plum
336 942 487 1018 santium
504 947 606 1040 eju,
632 948 881 1043 magis-divina
903 944 1145 1019 misericordia
1170 949 1275 1038 quam
1344 971 1346 978 ¹

184 1129 186 1136 ι
214 1045 362 1137 propria
379 1037 528 1118 vivendi
545 1050 688 1120 ratione
706 1049 738 1119 dr
757 1047 907 1119 consilio
922 1045 1049 1120 fretus.
1098 1085 1100 1090 ·

290 1148 410 1238 Judica
428 1147 495 1214 ilos
513 1153 618 1230 Deus:
643 1150 787 1217 decidant
807 1149 1080 1243 erogitationibus
1087 1146 1168 1235 fuir.
1221 1142 1276 1217 Se·

213 1220 351 1312 iunium
369 1245 608 1317 multitudinem
634 1252 831 1344 impietatum
855 1272 957 1319 eorum
980 1250 1090 1341 expele
1105 1272 1173 1332 eos,
1192 1272 1274 1340 quo«,-
1303 1303 1307 1327 ,

212 1347 302 1411 niam
321 1349 542 1415 irritaverunt
557 1366 588 1417 re
608 1352 758 1433 Domine,
784 1348 866 1438 oe]
893 1345 1188 1442 Peccantimagis
1212 1367 1273 1415 ex·
1304 1408 1308 1416 .

211 1442 346 1534 pedita
368 1443 451 1516 Deo
464 1446 639 1539 judicari,
665 1469 768 1538 quam
790 1444 859 1519 cll‘e
877 1461 979 1517 extra
1001 1446 1076 1539 ejus
1089 1445 1286 1540 judicium.¹

211 1539 396 1615 Decidere
411 1561 561 1620 autema
575 1550 696 1641 pravis
715 1546 1016 1643 cogitationibus,
1042 1546 1186 1620 minime
1204 1566 1276 1617 ma·

211 1641 285 1714 lum
304 1643 355 1715 est
372 1644 581 1741 decidenti,
609 1649 668 1739 qui
690 1648 734 1721 ad
749 1648 881 1720 malum
898 1646 1036 1719 diarum
1059 1642 1172 1718 finem
1196 1664 1271 1716 non
1327 1655 1330 1662 ·
1356 1683 1358 1688 -

210 1745 400 1836 pervenit,
435 1747 524 1818 licut
542 1768 611 1818 nec
630 1750 766 1820 bonum
791 1746 866 1836 est,
893 1740 1063 1833 adfinem
1082 1746 1273 1817 meliorum
1303 1787 1307 1796 .

161 1918 166 1924 ,
209 1846 519 1941 nonpertingere.
570 1845 632 1918 Est
648 1868 741 1920 vero
759 1844 848 1920 scitu
860 1839 1081 1937 jucundum,
1117 1852 1272 1915 curnon
1345 1868 1349 1878 ’

209 1940 362 2035 dixerit,
394 1946 490 2017 unde
520 1948 739 2039 expelleret,
772 1968 817 2018 ne
840 1946 876 2018 id
903 1946 1021 2017 multis
1046 1939 1271 2037 ¹perspicuum
1311 1961 1314 1966 ’

208 2039 320 2114 foret.
371 2040 566 2137 Existimo,
594 2068 658 2122 eos
680 2049 722 2120 ab
743 2044 819 2140 ipso
839 2042 1007 2135 expulsos
1029 2040 1129 2116 fuiffe
1150 2046 1193 2116 ab
1210 2043 1272 2114 im·

192 2141 401 2231 'pietatibus
424 2142 492 2216 suis
513 2144 704 2219 secundum
721 2145 987 2220 multitudinem
1011 2163 1142 2219 earum.
1195 2140 1271 2213 Ne-

207 2260 278 2330 que
298 2242 391 2330 enim
412 2243 512 2316 Deus
536 2243 610 2318 ase
634 2267 845 2344 quemquam
864 2244 1025 2337 repellit.¹
1070 2241 1189 2336 Nam,
1215 2241 1269 2313 in·

207 2340 318 2444 quit,
333 2349 390 2440 qui
404 2346 551 2440 elongent
559 2346 628 2437 seu
648 2366 679 2418 re
691 2399 705 2434 ,
725 2348 889 2445 peribunt.
914 2353 916 2357 '

286 2448 423 2527 Domine
442 2448 536 2516 deduc
548 2472 595 2517 me
610 2454 648 2518 in
658 2447 786 2546 justitia
800 2466 859 2521 tua
871 2461 1000 2544 propter
1019 2447 1164 2515 inimicos
1182 2458 1270 2530 tues,

206 2542 308 2637 dirige
324 2548 361 2612 in
382 2545 541 2640 conspoliu
565 2564 618 2618 tuo
636 2556 724 2620 viam
745 2574 860 2639 meum,
886 2548 977 2640 Du]
1005 2547 1077 2645 Qui
1104 2545 1168 2616 srbi
1183 2562 1267 2636 pro·
1373 2545 1386 2561 “

203 2644 313 2736 ponit
327 2643 423 2716 reue
443 2647 571 2720 sentire
592 2648 783 2730 defecere,
808 2646 943 2721 inultos
967 2643 1188 2716 adversarios
1209 2643 1269 2714 ha·
1363 2681 1365 2684 v

202 2740 280 2817 bet.
316 2743 420 2815 ‘Sunt
440 2748 532 2818 enim
552 2746 586 2819 dt
606 2747 822 2821 homines&
844 2748 1024 2820 daemones
1040 2743 1176 2814 invidia
1196 2742 1268 2839 ple·
1322 2785 1324 2791 ι

201 2842 379 2934 ηἱ,,ᾳυοε
404 2845 502 2918 bona
525 2845 822 2945 relleagentium
848 2841 1073 2917 contristant.
1124 2839 1163 2912 ld
1187 2859 1268 2911 cum
1330 2925 1332 2929 ι

202 2942 422 3035 perspiceret
443 2945 649 3040 Propheta,
682 2966 757 3020 non
785 2946 940 3039 propriae
965 2942 1031 3012 suae
1056 2940 1185 3031 virtuti
1207 2934 1268 3008 tri·
1378 2982 1391 3035 ;·

201 3041 284 3113 buit
302 3064 460 3138 pugnare
480 3059 608 3117 contra
628 3068 716 3129 eos,
743 3047 803 3137 qui
822 3046 859 3118 in
880 3043 915 3137 se
932 3040 1179 3137 insurgerent,
1209 3035 1268 3109 sed

200 3141 395 3215 invocavit
411 3145 549 3237 Deum,
577 3163 618 3218 ut
634 3164 775 3219 mantum
792 3145 854 3240 ipfi
875 3142 1098 3238 porrigeret,
1127 3160 1195 3230 qua
1216 3138 1268 3208 in·
1343 3147 1345 3163 '

201 3243 354 3314 columis
377 3244 549 3317 evaderet
576 3269 595 3317 a
621 3263 680 3319 tot
703 3241 884 3335 tantisque
904 3240 1091 3330 hostibus,
1124 3241 1265 3310 dicens:

199 3338 276 3434 ipse
297 3341 456 3417 Domine
478 3345 593 3416 deduc
609 3369 666 3419 me
686 3347 721 3418 in
738 3345 872 3438 justitia
893 3357 977 3415 tua:
1003 3339 1050 3413 stc
1067 3340 1162 3411 enim
1178 3335 1265 3431 fiet,

199 3455 245 3510 ut
261 3442 296 3512 in
314 3443 506 3536 conspeetu
524 3457 590 3518 tuo
611 3447 780 3544 dirigatur
796 3448 856 3518 via
868 3463 958 3517 mea.
1035 3520 1038 3526 ,

189 3604 197 3642 =.
225 3552 228 3559 ’
277 3542 441 3633 Quoniam
461 3568 527 3614 non
545 3546 638 3639 ellim
654 3572 705 3617 ore
724 3549 992 3646 eorum‘ver'itur:
1018 3565 1069 3609 cur
1087 3563 1190 3609 eorum
1206 3562 1265 3608 vu·
1344 3572 1346 3576 ’

197 3663 281 3712 num
299 3641 348 3737 eft.
398 3646 580 3739 Sepulcrum
596 3665 709 3744 prtem
723 3646 763 3742 'efl
779 3639 897 3739 guttur
909 3665 1038 3725 eorum,
1064 3641 1182 3732 linguis
1194 3637 1264 3726 fieir

197 3741 297 3828 dotale
313 3742 459 3834 agebant,
478 3742 566 3839 luc]
603 3747 694 3821 Cum
714 3745 846 3818 inimici
869 3743 1089 3833 impediant,
1107 3807 1110 3814 ,
1125 3737 1262 3829 quomi-

197 3861 268 3914 nus
294 3844 351 3912 via
374 3856 435 3914 tua
454 3843 636 3939 perspicua
655 3847 696 3918 lit
721 3847 840 3941 oculis,
857 3844 968 3932 meis,
995 3856 1034 3910 tu
1053 3839 1163 3934 dirige
1184 3856 1261 3907 cam

194 3941 235 4014 in
260 3939 450 4032 consuetur
470 3964 566 4021 meo.
618 3945 723 4017 Novi
746 3947 841 4030 enim
865 3945 948 4016 illos
973 3941 1010 4010 in
1025 3938 1089 4029 iis,
1117 3957 1194 4026 quae
1216 3931 1262 4004 de
1318 3940 1320 3947 '

194 4040 260 4111 via
282 4041 523 4134 pollicentur,
551 4064 637 4116 vera
657 4065 733 4116 non
756 4043 902 4132 dicere,
936 4062 982 4112 eo
1004 4037 1102 4129 quod
1121 4025 1197 4106 nori
1218 4031 1261 4102 sit

194 4140 234 4233 in
250 4158 314 4214 ore
329 4160 455 4216 eorum
467 4146 622 4235 veritas,
644 4144 818 4318 &ganum
836 4143 952 4216 srtcor
964 4157 1102 4213 eorum.
1130 4133 1268 4203 Omnia

722 4265 760 4339 ·3
1086 4245 1248 4314 nutem,
