<?xml version="1.0" encoding="UTF-8"?>
<!DOCTYPE html PUBLIC "-//W3C//DTD XHTML 1.0 Transitional//EN"
    "http://www.w3.org/TR/xhtml1/DTD/xhtml1-transitional.dtd">
<html xmlns="http://www.w3.org/1999/xhtml" xml:lang="en" lang="en">
 <head>
  <title>
</title>
<meta http-equiv="Content-Type" content="text/html;charset=utf-8" />
  <meta name='ocr-system' content='tesseract 3.04.00' />
  <meta name='ocr-capabilities' content='ocr_page ocr_carea ocr_par ocr_line ocrx_word'/>
</head>
<body>
  <div class='ocr_page' id='page_1' title='image "./operaomniasanct09unkngoog_0106.png"; bbox 0 0 3075 4875; ppageno 0'>
   <div class='ocr_carea' id='block_1_1' title="bbox 284 447 1006 536">
    <p class='ocr_par' dir='ltr' id='par_1_1' title="bbox 284 447 1006 536">
     <span class='ocr_line' id='line_1_1' title="bbox 284 447 1006 536; baseline -0.018 5"><span class='ocrx_word' id='word_1_1' title='bbox 284 479 326 526; x_wconf 60' lang='grc' dir='ltr'>’ὓ</span> <span class='ocrx_word' id='word_1_2' title='bbox 606 447 1006 536; x_wconf 85' lang='lat' dir='ltr'>ORIGENIS</span> 
     </span>
    </p>
   </div>
   <div class='ocr_carea' id='block_1_2' title="bbox 204 610 1360 4096">
    <p class='ocr_par' dir='ltr' id='par_1_2' title="bbox 204 610 1360 4096">
     <span class='ocr_line' id='line_1_2' title="bbox 283 610 1326 710; baseline 0 -16"><span class='ocrx_word' id='word_1_3' title='bbox 283 639 384 698; x_wconf 64' lang='lat' dir='ltr'>unt.</span> <span class='ocrx_word' id='word_1_4' title='bbox 410 621 575 698; x_wconf 52' lang='grc' dir='ltr'>’ἵει-Τὼ</span> <span class='ocrx_word' id='word_1_5' title='bbox 586 621 721 697; x_wconf 82' lang='lat' dir='ltr'>auribus</span> <span class='ocrx_word' id='word_1_6' title='bbox 739 613 893 710; x_wconf 85' lang='lat' dir='ltr'>pandere</span> <span class='ocrx_word' id='word_1_7' title='bbox 909 610 967 709; x_wconf 92' lang='lat' dir='ltr'>(in</span> <span class='ocrx_word' id='word_1_8' title='bbox 983 611 1139 687; x_wconf 80' lang='lat' dir='ltr'>leffione</span> <span class='ocrx_word' id='word_1_9' title='bbox 1159 615 1326 694; x_wconf 83' lang='lat' dir='ltr'>enimve-</span> 
     </span>
     <span class='ocr_line' id='line_1_3' title="bbox 287 710 1327 814; baseline 0.003 -26"><span class='ocrx_word' id='word_1_10' title='bbox 287 741 368 794; x_wconf 71' lang='lat' dir='ltr'>:ers</span> <span class='ocrx_word' id='word_1_11' title='bbox 401 723 625 814; x_wconf 56' lang='lat' dir='ltr'>summi,</span> <span class='ocrx_word' id='word_1_12' title='bbox 648 719 733 796; x_wconf 83' lang='lat' dir='ltr'>ficut</span> <span class='ocrx_word' id='word_1_13' title='bbox 747 715 833 790; x_wconf 89' lang='lat' dir='ltr'>dicit</span> <span class='ocrx_word' id='word_1_14' title='bbox 849 710 1071 805; x_wconf 88' lang='lat' dir='ltr'><strong>Apostolus,</strong></span> <span class='ocrx_word' id='word_1_15' title='bbox 1098 716 1264 789; x_wconf 89' lang='lat' dir='ltr'>velamen</span> <span class='ocrx_word' id='word_1_16' title='bbox 1278 718 1327 794; x_wconf 91' lang='lat' dir='ltr'>est</span> 
     </span>
     <span class='ocr_line' id='line_1_4' title="bbox 285 812 1325 916; baseline -0.009 -20"><span class='ocrx_word' id='word_1_17' title='bbox 285 825 452 912; x_wconf 40' lang='lat' dir='ltr'>..es-uun*</span> <span class='ocrx_word' id='word_1_18' title='bbox 479 825 636 916; x_wconf 74' lang='lat' dir='ltr'>precibus</span> <span class='ocrx_word' id='word_1_19' title='bbox 651 841 671 896; x_wconf 80' lang='lat' dir='ltr'>a</span> <span class='ocrx_word' id='word_1_20' title='bbox 685 816 847 888; x_wconf 91' lang='lat' dir='ltr'>Domino</span> <span class='ocrx_word' id='word_1_21' title='bbox 865 812 1072 905; x_wconf 86' lang='lat' dir='ltr'>postuletis,</span> <span class='ocrx_word' id='word_1_22' title='bbox 1099 827 1140 890; x_wconf 90' lang='lat' dir='ltr'>ut</span> <span class='ocrx_word' id='word_1_23' title='bbox 1160 816 1325 909; x_wconf 85' lang='lat' dir='ltr'><strong>dignetur</strong></span> 
     </span>
     <span class='ocr_line' id='line_1_5' title="bbox 285 912 1326 998; baseline 0 -8"><span class='ocrx_word' id='word_1_24' title='bbox 285 945 392 996; x_wconf 50' lang='lat' dir='ltr'>ems</span> <span class='ocrx_word' id='word_1_25' title='bbox 410 929 454 998; x_wconf 67' lang='lat' dir='ltr'>ai·</span> <span class='ocrx_word' id='word_1_26' title='bbox 469 923 504 998; x_wconf 83' lang='lat' dir='ltr'>t&#39;e</span> <span class='ocrx_word' id='word_1_27' title='bbox 527 917 700 996; x_wconf 81' lang='lat' dir='ltr'>conversis</span> <span class='ocrx_word' id='word_1_28' title='bbox 717 912 855 986; x_wconf 85' lang='lat' dir='ltr'>auferre</span> <span class='ocrx_word' id='word_1_29' title='bbox 873 915 1047 990; x_wconf 85' lang='lat' dir='ltr'>velamen·</span> <span class='ocrx_word' id='word_1_30' title='bbox 1060 916 1166 986; x_wconf 90' lang='lat' dir='ltr'>etiam</span> <span class='ocrx_word' id='word_1_31' title='bbox 1192 915 1237 987; x_wconf 91' lang='lat' dir='ltr'>de</span> <span class='ocrx_word' id='word_1_32' title='bbox 1261 917 1326 992; x_wconf 86' lang='lat' dir='ltr'>hac</span> 
     </span>
     <span class='ocr_line' id='line_1_6' title="bbox 285 1014 1324 1116; baseline -0.007 -23"><span class='ocrx_word' id='word_1_33' title='bbox 285 1029 460 1116; x_wconf 60' lang='lat' dir='ltr'>&#39;exe-ee,</span> <span class='ocrx_word' id='word_1_34' title='bbox 490 1041 588 1112; x_wconf 82' lang='lat' dir='ltr'>quam</span> <span class='ocrx_word' id='word_1_35' title='bbox 606 1019 770 1092; x_wconf 84' lang='lat' dir='ltr'>habemus</span> <span class='ocrx_word' id='word_1_36' title='bbox 789 1014 999 1090; x_wconf 87' lang='lat' dir='ltr'>inmanibus</span> <span class='ocrx_word' id='word_1_37' title='bbox 1019 1015 1205 1107; x_wconf 81' lang='lat' dir='ltr'>&amp;planius</span> <span class='ocrx_word' id='word_1_38' title='bbox 1219 1018 1324 1087; x_wconf 90' lang='lat' dir='ltr'>nobis</span> 
     </span>
     <span class='ocr_line' id='line_1_7' title="bbox 283 1112 1325 1212; baseline -0.009 -16"><span class='ocrx_word' id='word_1_39' title='bbox 283 1123 455 1212; x_wconf 55' lang='lat' dir='ltr'>:ale-ue,</span> <span class='ocrx_word' id='word_1_40' title='bbox 479 1115 652 1210; x_wconf 70' lang='lat' dir='ltr'>quietesla</span> <span class='ocrx_word' id='word_1_41' title='bbox 664 1112 761 1203; x_wconf 92' lang='lat' dir='ltr'>sunt,</span> <span class='ocrx_word' id='word_1_42' title='bbox 787 1127 829 1183; x_wconf 89' lang='lat' dir='ltr'>ut</span> <span class='ocrx_word' id='word_1_43' title='bbox 847 1114 881 1185; x_wconf 86' lang='lat'>&amp;</span> <span class='ocrx_word' id='word_1_44' title='bbox 896 1134 965 1184; x_wconf 89' lang='lat' dir='ltr'>nos</span> <span class='ocrx_word' id='word_1_45' title='bbox 985 1112 1147 1207; x_wconf 83' lang='lat' dir='ltr'>pollimus</span> <span class='ocrx_word' id='word_1_46' title='bbox 1163 1115 1325 1188; x_wconf 86' lang='lat' dir='ltr'>revelata</span> 
     </span>
     <span class='ocr_line' id='line_1_8' title="bbox 281 1209 1326 1310; baseline -0.007 -12"><span class='ocrx_word' id='word_1_47' title='bbox 281 1223 373 1298; x_wconf 60' lang='lat' dir='ltr'>time</span> <span class='ocrx_word' id='word_1_48' title='bbox 392 1223 430 1296; x_wconf 93' lang='lat' dir='ltr'>in</span> <span class='ocrx_word' id='word_1_49' title='bbox 449 1219 530 1310; x_wconf 79' lang='lat' dir='ltr'>lii,</span> <span class='ocrx_word' id='word_1_50' title='bbox 560 1235 636 1308; x_wconf 78' lang='lat' dir='ltr'>quae</span> <span class='ocrx_word' id='word_1_51' title='bbox 657 1213 749 1290; x_wconf 76' lang='lat' dir='ltr'>tetta</span> <span class='ocrx_word' id='word_1_52' title='bbox 769 1209 879 1306; x_wconf 91' lang='lat' dir='ltr'>sunt,</span> <span class='ocrx_word' id='word_1_53' title='bbox 905 1213 1054 1308; x_wconf 79' lang='lat' dir='ltr'>gloriam</span> <span class='ocrx_word' id='word_1_54' title='bbox 1076 1212 1228 1286; x_wconf 87' lang='lat' dir='ltr'>Domini</span> <span class='ocrx_word' id='word_1_55' title='bbox 1254 1212 1326 1308; x_wconf 89' lang='lat' dir='ltr'>spe·</span> 
     </span>
     <span class='ocr_line' id='line_1_9' title="bbox 282 1321 1360 1394; baseline -0.002 0"><span class='ocrx_word' id='word_1_56' title='bbox 282 1321 399 1394; x_wconf 65' lang='lat' dir='ltr'>curn.</span> <span class='ocrx_word' id='word_1_57' title='bbox 1352 1378 1360 1392; x_wconf 92' lang='lat'><em>.</em></span> 
     </span>
     <span class='ocr_line' id='line_1_10' title="bbox 351 1412 1337 1506; baseline -0.006 -16"><span class='ocrx_word' id='word_1_58' title='bbox 351 1441 387 1498; x_wconf 77' lang='grc'>4.</span> <span class='ocrx_word' id='word_1_59' title='bbox 413 1413 515 1500; x_wconf 72' lang='lat' dir='ltr'>Erat,</span> <span class='ocrx_word' id='word_1_60' title='bbox 538 1413 673 1506; x_wconf 86' lang='lat' dir='ltr'>inquit,</span> <span class='ocrx_word' id='word_1_61' title='bbox 697 1416 754 1483; x_wconf 77' lang='lat' dir='ltr'>vir</span> <span class='ocrx_word' id='word_1_62' title='bbox 765 1436 850 1482; x_wconf 86' lang='lat' dir='ltr'>unus</span> <span class='ocrx_word' id='word_1_63' title='bbox 865 1414 900 1484; x_wconf 81' lang='lat' dir='ltr'>de</span> <span class='ocrx_word' id='word_1_64' title='bbox 916 1412 1079 1483; x_wconf 56' lang='lat' dir='ltr'>&amp;mallia</span> <span class='ocrx_word' id='word_1_65' title='bbox 1097 1412 1247 1483; x_wconf 76' lang='lat' dir='ltr'>demente</span> <span class='ocrx_word' id='word_1_66' title='bbox 1264 1413 1337 1505; x_wconf 69' lang='lat' dir='ltr'>Es</span> 
     </span>
     <span class='ocr_line' id='line_1_11' title="bbox 273 1508 1325 1612; baseline -0.002 -24"><span class='ocrx_word' id='word_1_67' title='bbox 273 1517 389 1612; x_wconf 73' lang='lat' dir='ltr'>frain.</span> <span class='ocrx_word' id='word_1_68' title='bbox 434 1511 593 1586; x_wconf 81' lang='lat' dir='ltr'>Nonne</span> <span class='ocrx_word' id='word_1_69' title='bbox 607 1512 696 1586; x_wconf 86' lang='lat' dir='ltr'>latet</span> <span class='ocrx_word' id='word_1_70' title='bbox 710 1515 828 1607; x_wconf 86' lang='lat' dir='ltr'>primo</span> <span class='ocrx_word' id='word_1_71' title='bbox 845 1515 953 1603; x_wconf 92' lang='lat' dir='ltr'>loco,</span> <span class='ocrx_word' id='word_1_72' title='bbox 980 1508 1079 1602; x_wconf 90' lang='lat' dir='ltr'>quod</span> <span class='ocrx_word' id='word_1_73' title='bbox 1097 1512 1135 1585; x_wconf 91' lang='lat' dir='ltr'>in</span> <span class='ocrx_word' id='word_1_74' title='bbox 1152 1513 1325 1602; x_wconf 86' lang='lat' dir='ltr'>aliquibus</span> 
     </span>
     <span class='ocr_line' id='line_1_12' title="bbox 274 1609 1324 1706; baseline -0.005 -18"><span class='ocrx_word' id='word_1_75' title='bbox 274 1611 723 1706; x_wconf 60' lang='lat' dir='ltr'>murmannus-habetur,</span> <span class='ocrx_word' id='word_1_76' title='bbox 762 1615 850 1684; x_wconf 79' lang='lat' dir='ltr'>Erat</span> <span class='ocrx_word' id='word_1_77' title='bbox 874 1625 930 1683; x_wconf 72' lang='lat' dir='ltr'>vir</span> <span class='ocrx_word' id='word_1_78' title='bbox 949 1614 1097 1705; x_wconf 72' lang='lat' dir='ltr'>quidam,</span> <span class='ocrx_word' id='word_1_79' title='bbox 1133 1609 1191 1683; x_wconf 92' lang='lat' dir='ltr'>sed</span> <span class='ocrx_word' id='word_1_80' title='bbox 1214 1615 1250 1685; x_wconf 91' lang='lat' dir='ltr'>in</span> <span class='ocrx_word' id='word_1_81' title='bbox 1272 1614 1324 1684; x_wconf 87' lang='lat' dir='ltr'>his</span> 
     </span>
     <span class='ocr_line' id='line_1_13' title="bbox 271 1709 1322 1804; baseline -0.005 -16"><span class='ocrx_word' id='word_1_82' title='bbox 271 1709 551 1804; x_wconf 81' lang='lat' dir='ltr'>exemplaribus,</span> <span class='ocrx_word' id='word_1_83' title='bbox 572 1731 650 1800; x_wconf 86' lang='lat' dir='ltr'>quae</span> <span class='ocrx_word' id='word_1_84' title='bbox 660 1714 906 1787; x_wconf 85' lang='lat' dir='ltr'>emendatiora</span> <span class='ocrx_word' id='word_1_85' title='bbox 920 1711 1174 1802; x_wconf 87' lang='lat' dir='ltr'>probavimus,</span> <span class='ocrx_word' id='word_1_86' title='bbox 1200 1710 1251 1783; x_wconf 89' lang='lat' dir='ltr'>ita</span> <span class='ocrx_word' id='word_1_87' title='bbox 1263 1713 1322 1783; x_wconf 86' lang='lat' dir='ltr'>ha·</span> 
     </span>
     <span class='ocr_line' id='line_1_14' title="bbox 271 1809 1323 1908; baseline -0.002 -20"><span class='ocrx_word' id='word_1_88' title='bbox 271 1813 397 1888; x_wconf 81' lang='lat' dir='ltr'>betur:</span> <span class='ocrx_word' id='word_1_89' title='bbox 421 1809 506 1908; x_wconf 72' lang='lat' dir='ltr'>Erat</span> <span class='ocrx_word' id='word_1_90' title='bbox 526 1815 583 1880; x_wconf 81' lang='lat' dir='ltr'>vir</span> <span class='ocrx_word' id='word_1_91' title='bbox 603 1836 703 1902; x_wconf 72' lang='lat' dir='ltr'>unus,</span> <span class='ocrx_word' id='word_1_92' title='bbox 747 1813 790 1885; x_wconf 91' lang='lat' dir='ltr'>ln</span> <span class='ocrx_word' id='word_1_93' title='bbox 813 1833 885 1904; x_wconf 89' lang='lat' dir='ltr'>quo</span> <span class='ocrx_word' id='word_1_94' title='bbox 903 1814 1008 1883; x_wconf 89' lang='lat' dir='ltr'>nobis</span> <span class='ocrx_word' id='word_1_95' title='bbox 1028 1811 1133 1882; x_wconf 89' lang='lat' dir='ltr'>etiam</span> <span class='ocrx_word' id='word_1_96' title='bbox 1157 1809 1323 1903; x_wconf 87' lang='lat' dir='ltr'>Hebraei,</span> 
     </span>
     <span class='ocr_line' id='line_1_15' title="bbox 270 1905 1323 2005; baseline 0.001 -23"><span class='ocrx_word' id='word_1_97' title='bbox 270 1909 331 2004; x_wconf 93' lang='lat' dir='ltr'>qui</span> <span class='ocrx_word' id='word_1_98' title='bbox 345 1905 648 1983; x_wconf 85' lang='lat' dir='ltr'>contradicuntin</span> <span class='ocrx_word' id='word_1_99' title='bbox 661 1914 818 2003; x_wconf 80' lang='lat' dir='ltr'>ceteris,</span> <span class='ocrx_word' id='word_1_100' title='bbox 845 1908 1083 2002; x_wconf 88' lang='lat' dir='ltr'>acquiescunt.</span> <span class='ocrx_word' id='word_1_101' title='bbox 1136 1905 1224 1986; x_wconf 85' lang='lat' dir='ltr'>Erat</span> <span class='ocrx_word' id='word_1_102' title='bbox 1237 1932 1323 2005; x_wconf 86' lang='lat' dir='ltr'>ergo</span> 
     </span>
     <span class='ocr_line' id='line_1_16' title="bbox 267 2006 1325 2103; baseline -0.002 -19"><span class='ocrx_word' id='word_1_103' title='bbox 267 2011 328 2084; x_wconf 84' lang='lat' dir='ltr'>vir</span> <span class='ocrx_word' id='word_1_104' title='bbox 343 2025 443 2082; x_wconf 77' lang='lat' dir='ltr'>unus.</span> <span class='ocrx_word' id='word_1_105' title='bbox 492 2006 618 2102; x_wconf 89' lang='lat' dir='ltr'>Vide,</span> <span class='ocrx_word' id='word_1_106' title='bbox 645 2010 670 2083; x_wconf 88' lang='lat' dir='ltr'>s1</span> <span class='ocrx_word' id='word_1_107' title='bbox 691 2033 768 2084; x_wconf 93' lang='lat' dir='ltr'>non</span> <span class='ocrx_word' id='word_1_108' title='bbox 790 2012 863 2083; x_wconf 85' lang='lat' dir='ltr'>hoc</span> <span class='ocrx_word' id='word_1_109' title='bbox 886 2012 995 2103; x_wconf 89' lang='lat' dir='ltr'>ipsum</span> <span class='ocrx_word' id='word_1_110' title='bbox 1018 2008 1177 2101; x_wconf 82' lang='lat' dir='ltr'>pertinet</span> <span class='ocrx_word' id='word_1_111' title='bbox 1194 2009 1239 2085; x_wconf 86' lang='lat' dir='ltr'>ad</span> <span class='ocrx_word' id='word_1_112' title='bbox 1255 2013 1325 2086; x_wconf 86' lang='lat' dir='ltr'>lau·</span> 
     </span>
     <span class='ocr_line' id='line_1_17' title="bbox 261 2103 1322 2203; baseline 0.002 -23"><span class='ocrx_word' id='word_1_113' title='bbox 261 2107 347 2202; x_wconf 64' lang='lat' dir='ltr'>§em</span> <span class='ocrx_word' id='word_1_114' title='bbox 359 2103 462 2198; x_wconf 79' lang='lat' dir='ltr'>justi,</span> <span class='ocrx_word' id='word_1_115' title='bbox 487 2109 587 2198; x_wconf 87' lang='lat' dir='ltr'>quod</span> <span class='ocrx_word' id='word_1_116' title='bbox 605 2111 735 2182; x_wconf 88' lang='lat' dir='ltr'>dicitur</span> <span class='ocrx_word' id='word_1_117' title='bbox 752 2111 797 2183; x_wconf 91' lang='lat' dir='ltr'>de</span> <span class='ocrx_word' id='word_1_118' title='bbox 816 2132 885 2202; x_wconf 84' lang='lat' dir='ltr'>eo,</span> <span class='ocrx_word' id='word_1_119' title='bbox 914 2110 1001 2182; x_wconf 81' lang='lat' dir='ltr'>Erat</span> <span class='ocrx_word' id='word_1_120' title='bbox 1013 2118 1070 2179; x_wconf 81' lang='lat' dir='ltr'>vir</span> <span class='ocrx_word' id='word_1_121' title='bbox 1083 2133 1178 2179; x_wconf 79' lang='lat' dir='ltr'>unus.</span> <span class='ocrx_word' id='word_1_122' title='bbox 1218 2108 1256 2180; x_wconf 93' lang='lat' dir='ltr'>N</span> <span class='ocrx_word' id='word_1_123' title='bbox 1260 2131 1322 2203; x_wconf 78' lang='grc' dir='ltr'>οε,</span> 
     </span>
     <span class='ocr_line' id='line_1_18' title="bbox 265 2205 1324 2301; baseline 0.009 -25"><span class='ocrx_word' id='word_1_124' title='bbox 265 2205 325 2296; x_wconf 89' lang='lat' dir='ltr'>qui</span> <span class='ocrx_word' id='word_1_125' title='bbox 339 2205 680 2298; x_wconf 84' lang='lat' dir='ltr'>adhuc-peccatores</span> <span class='ocrx_word' id='word_1_126' title='bbox 699 2209 844 2301; x_wconf 88' lang='lat' dir='ltr'>snmus,</span> <span class='ocrx_word' id='word_1_127' title='bbox 872 2232 948 2284; x_wconf 90' lang='lat' dir='ltr'>non</span> <span class='ocrx_word' id='word_1_128' title='bbox 967 2207 1147 2300; x_wconf 83' lang='lat' dir='ltr'>possumus</span> <span class='ocrx_word' id='word_1_129' title='bbox 1162 2206 1263 2281; x_wconf 84' lang='lat' dir='ltr'>istum</span> <span class='ocrx_word' id='word_1_130' title='bbox 1282 2211 1324 2286; x_wconf 85' lang='lat' dir='ltr'>ti·</span> 
     </span>
     <span class='ocr_line' id='line_1_19' title="bbox 262 2303 1326 2402; baseline 0.008 -26"><span class='ocrx_word' id='word_1_131' title='bbox 262 2305 377 2380; x_wconf 87' lang='lat' dir='ltr'>tulum</span> <span class='ocrx_word' id='word_1_132' title='bbox 401 2303 515 2380; x_wconf 72' lang='lat' dir='ltr'>laudis</span> <span class='ocrx_word' id='word_1_133' title='bbox 543 2310 748 2402; x_wconf 84' lang='lat' dir='ltr'>acquirere,</span> <span class='ocrx_word' id='word_1_134' title='bbox 787 2310 868 2400; x_wconf 84' lang='lat' dir='ltr'>quia</span> <span class='ocrx_word' id='word_1_135' title='bbox 894 2308 1140 2399; x_wconf 87' lang='lat' dir='ltr'>unusquisque</span> <span class='ocrx_word' id='word_1_136' title='bbox 1162 2306 1326 2384; x_wconf 85' lang='lat' dir='ltr'>nostrum</span> 
     </span>
     <span class='ocr_line' id='line_1_20' title="bbox 262 2401 1322 2502; baseline 0.006 -23"><span class='ocrx_word' id='word_1_137' title='bbox 262 2421 338 2481; x_wconf 80' lang='lat' dir='ltr'>uon</span> <span class='ocrx_word' id='word_1_138' title='bbox 359 2401 410 2481; x_wconf 82' lang='lat' dir='ltr'>est</span> <span class='ocrx_word' id='word_1_139' title='bbox 431 2425 551 2502; x_wconf 88' lang='lat' dir='ltr'>unus,</span> <span class='ocrx_word' id='word_1_140' title='bbox 579 2407 638 2487; x_wconf 88' lang='lat' dir='ltr'>sed</span> <span class='ocrx_word' id='word_1_141' title='bbox 654 2409 705 2483; x_wconf 89' lang='lat' dir='ltr'>est</span> <span class='ocrx_word' id='word_1_142' title='bbox 716 2409 830 2487; x_wconf 87' lang='lat' dir='ltr'>multi.</span> <span class='ocrx_word' id='word_1_143' title='bbox 881 2408 1026 2482; x_wconf 86' lang='lat' dir='ltr'>Intuere</span> <span class='ocrx_word' id='word_1_144' title='bbox 1044 2427 1195 2498; x_wconf 87' lang='lat' dir='ltr'>namque</span> <span class='ocrx_word' id='word_1_145' title='bbox 1216 2409 1322 2485; x_wconf 90' lang='lat' dir='ltr'>alicu·</span> 
     </span>
     <span class='ocr_line' id='line_1_21' title="bbox 229 2504 1323 2601; baseline 0.006 -26"><span class='ocrx_word' id='word_1_146' title='bbox 229 2546 235 2567; x_wconf 69' lang='grc' dir='ltr'>ι</span> <span class='ocrx_word' id='word_1_147' title='bbox 258 2504 316 2597; x_wconf 86' lang='lat' dir='ltr'>jus</span> <span class='ocrx_word' id='word_1_148' title='bbox 330 2504 469 2579; x_wconf 87' lang='lat' dir='ltr'>vultum</span> <span class='ocrx_word' id='word_1_149' title='bbox 485 2528 581 2583; x_wconf 88' lang='lat' dir='ltr'>nunc</span> <span class='ocrx_word' id='word_1_150' title='bbox 599 2511 698 2601; x_wconf 87' lang='lat' dir='ltr'>irati,</span> <span class='ocrx_word' id='word_1_151' title='bbox 725 2509 962 2582; x_wconf 89' lang='lat' dir='ltr'>nunciterum</span> <span class='ocrx_word' id='word_1_152' title='bbox 976 2507 1103 2597; x_wconf 89' lang='lat' dir='ltr'>tristis,</span> <span class='ocrx_word' id='word_1_153' title='bbox 1130 2507 1323 2599; x_wconf 87' lang='lat' dir='ltr'>paulopost</span> 
     </span>
     <span class='ocr_line' id='line_1_22' title="bbox 260 2600 1321 2701; baseline 0.004 -26"><span class='ocrx_word' id='word_1_154' title='bbox 260 2600 395 2679; x_wconf 81' lang='lat' dir='ltr'>tursum</span> <span class='ocrx_word' id='word_1_155' title='bbox 417 2608 627 2701; x_wconf 83' lang='lat' dir='ltr'>gaudentis,</span> <span class='ocrx_word' id='word_1_156' title='bbox 663 2611 696 2681; x_wconf 74' lang='grc' dir='ltr'>ἂ</span> <span class='ocrx_word' id='word_1_157' title='bbox 720 2610 849 2682; x_wconf 89' lang='lat' dir='ltr'>iterum</span> <span class='ocrx_word' id='word_1_158' title='bbox 873 2610 1036 2698; x_wconf 87' lang='lat' dir='ltr'>turbati,</span> <span class='ocrx_word' id='word_1_159' title='bbox 1064 2605 1252 2681; x_wconf 85' lang='lat' dir='ltr'>&amp;rursum</span> <span class='ocrx_word' id='word_1_160' title='bbox 1273 2609 1321 2679; x_wconf 89' lang='lat' dir='ltr'>le·</span> 
     </span>
     <span class='ocr_line' id='line_1_23' title="bbox 261 2702 1319 2802; baseline 0.002 -23"><span class='ocrx_word' id='word_1_161' title='bbox 261 2702 340 2795; x_wconf 83' lang='lat' dir='ltr'>nis„</span> <span class='ocrx_word' id='word_1_162' title='bbox 363 2706 401 2785; x_wconf 83' lang='lat' dir='ltr'>iu</span> <span class='ocrx_word' id='word_1_163' title='bbox 416 2706 487 2779; x_wconf 89' lang='lat' dir='ltr'>alio</span> <span class='ocrx_word' id='word_1_164' title='bbox 506 2721 671 2802; x_wconf 87' lang='lat' dir='ltr'>tempore</span> <span class='ocrx_word' id='word_1_165' title='bbox 687 2709 731 2781; x_wconf 91' lang='lat' dir='ltr'>de</span> <span class='ocrx_word' id='word_1_166' title='bbox 752 2711 859 2780; x_wconf 85' lang='lat' dir='ltr'>rebus</span> <span class='ocrx_word' id='word_1_167' title='bbox 878 2708 1007 2781; x_wconf 89' lang='lat' dir='ltr'>divinis</span> <span class='ocrx_word' id='word_1_168' title='bbox 1027 2707 1059 2778; x_wconf 73' lang='grc' dir='ltr'><strong>ἃ</strong></span> <span class='ocrx_word' id='word_1_169' title='bbox 1079 2707 1163 2776; x_wconf 89' lang='lat' dir='ltr'>vitae</span> <span class='ocrx_word' id='word_1_170' title='bbox 1179 2721 1319 2781; x_wconf 85' lang='lat' dir='ltr'>aeternae</span> 
     </span>
     <span class='ocr_line' id='line_1_24' title="bbox 263 2802 1355 2903; baseline 0 -26"><span class='ocrx_word' id='word_1_171' title='bbox 263 2802 645 2900; x_wconf 69' lang='lat' dir='ltr'>affibusconsulentis,</span> <span class='ocrx_word' id='word_1_172' title='bbox 672 2807 862 2903; x_wconf 86' lang='lat' dir='ltr'>paulopost</span> <span class='ocrx_word' id='word_1_173' title='bbox 878 2829 991 2898; x_wconf 89' lang='lat' dir='ltr'>vero,</span> <span class='ocrx_word' id='word_1_174' title='bbox 1018 2806 1319 2896; x_wconf 79' lang='lat' dir='ltr'>velquaeauava·</span> <span class='ocrx_word' id='word_1_175' title='bbox 1350 2880 1355 2895; x_wconf 67' lang='grc'>,</span> 
     </span>
     <span class='ocr_line' id='line_1_25' title="bbox 259 2898 1319 3003; baseline 0.004 -26"><span class='ocrx_word' id='word_1_176' title='bbox 259 2898 397 2997; x_wconf 67' lang='lat' dir='ltr'>titiam,</span> <span class='ocrx_word' id='word_1_177' title='bbox 413 2908 484 2979; x_wconf 88' lang='lat' dir='ltr'>-vel</span> <span class='ocrx_word' id='word_1_178' title='bbox 502 2929 578 2999; x_wconf 82' lang='lat' dir='ltr'>quae</span> <span class='ocrx_word' id='word_1_179' title='bbox 591 2911 633 2981; x_wconf 87' lang='lat' dir='ltr'>ad</span> <span class='ocrx_word' id='word_1_180' title='bbox 650 2909 798 3003; x_wconf 86' lang='lat' dir='ltr'>gloriam</span> <span class='ocrx_word' id='word_1_181' title='bbox 811 2906 924 2980; x_wconf 81' lang='lat' dir='ltr'>saculi</span> <span class='ocrx_word' id='word_1_182' title='bbox 938 2907 1142 3001; x_wconf 85' lang='lat' dir='ltr'>pertinent,</span> <span class='ocrx_word' id='word_1_183' title='bbox 1168 2907 1319 2981; x_wconf 88' lang='lat' dir='ltr'>mulien·</span> 
     </span>
     <span class='ocr_line' id='line_1_26' title="bbox 261 3002 1316 3100; baseline 0.002 -21"><span class='ocrx_word' id='word_1_184' title='bbox 261 3002 319 3081; x_wconf 79' lang='lat' dir='ltr'>tia.</span> <span class='ocrx_word' id='word_1_185' title='bbox 368 3005 506 3100; x_wconf 90' lang='lat' dir='ltr'>Vides,</span> <span class='ocrx_word' id='word_1_186' title='bbox 534 3010 720 3099; x_wconf 91' lang='lat' dir='ltr'>quomodo</span> <span class='ocrx_word' id='word_1_187' title='bbox 740 3010 829 3098; x_wconf 89' lang='lat' dir='ltr'>ille,</span> <span class='ocrx_word' id='word_1_188' title='bbox 856 3008 914 3098; x_wconf 91' lang='lat' dir='ltr'>qui</span> <span class='ocrx_word' id='word_1_189' title='bbox 937 3021 1082 3099; x_wconf 90' lang='lat' dir='ltr'>putatur</span> <span class='ocrx_word' id='word_1_190' title='bbox 1108 3002 1316 3098; x_wconf 72' lang='lat' dir='ltr'>moselle,</span> 
     </span>
     <span class='ocr_line' id='line_1_27' title="bbox 260 3103 1315 3199; baseline -0.001 -18"><span class='ocrx_word' id='word_1_191' title='bbox 260 3122 337 3181; x_wconf 86' lang='lat' dir='ltr'>non</span> <span class='ocrx_word' id='word_1_192' title='bbox 361 3104 413 3178; x_wconf 88' lang='lat' dir='ltr'>est</span> <span class='ocrx_word' id='word_1_193' title='bbox 431 3129 546 3199; x_wconf 88' lang='lat' dir='ltr'>unus,</span> <span class='ocrx_word' id='word_1_194' title='bbox 574 3106 632 3179; x_wconf 89' lang='lat' dir='ltr'>sed</span> <span class='ocrx_word' id='word_1_195' title='bbox 654 3121 713 3178; x_wconf 93' lang='lat' dir='ltr'>tot</span> <span class='ocrx_word' id='word_1_196' title='bbox 735 3109 770 3178; x_wconf 93' lang='lat' dir='ltr'>in</span> <span class='ocrx_word' id='word_1_197' title='bbox 796 3129 840 3178; x_wconf 94' lang='lat' dir='ltr'>eu</span> <span class='ocrx_word' id='word_1_198' title='bbox 859 3105 1018 3198; x_wconf 84' lang='lat' dir='ltr'>perso&#39;nae</span> <span class='ocrx_word' id='word_1_199' title='bbox 1041 3104 1209 3177; x_wconf 88' lang='lat' dir='ltr'>videntur</span> <span class='ocrx_word' id='word_1_200' title='bbox 1224 3103 1315 3198; x_wconf 87' lang='lat' dir='ltr'>esse,</span> 
     </span>
     <span class='ocr_line' id='line_1_28' title="bbox 204 3205 1317 3300; baseline 0.001 -25"><span class='ocrx_word' id='word_1_201' title='bbox 204 3212 207 3217; x_wconf 85' lang='grc'><em>’</em></span> <span class='ocrx_word' id='word_1_202' title='bbox 259 3214 350 3297; x_wconf 88' lang='lat' dir='ltr'>quot</span> <span class='ocrx_word' id='word_1_203' title='bbox 363 3226 506 3300; x_wconf 88' lang='lat' dir='ltr'>mores,</span> <span class='ocrx_word' id='word_1_204' title='bbox 534 3210 614 3299; x_wconf 88' lang='lat' dir='ltr'>quia</span> <span class='ocrx_word' id='word_1_205' title='bbox 627 3206 660 3277; x_wconf 66' lang='grc' dir='ltr'><strong>ἃ</strong></span> <span class='ocrx_word' id='word_1_206' title='bbox 675 3205 867 3281; x_wconf 89' lang='lat' dir='ltr'>secundum</span> <span class='ocrx_word' id='word_1_207' title='bbox 880 3207 1067 3298; x_wconf 85' lang='lat' dir='ltr'>scripturas</span> <span class='ocrx_word' id='word_1_208' title='bbox 1079 3205 1225 3300; x_wconf 76' lang='lat' dir='ltr'>infipiens</span> <span class='ocrx_word' id='word_1_209' title='bbox 1232 3205 1317 3300; x_wconf 77' lang='lat' dir='ltr'>ficut</span> 
     </span>
     <span class='ocr_line' id='line_1_29' title="bbox 256 3302 1316 3397; baseline -0.002 -18"><span class='ocrx_word' id='word_1_210' title='bbox 256 3306 335 3379; x_wconf 83' lang='lat' dir='ltr'>lma</span> <span class='ocrx_word' id='word_1_211' title='bbox 356 3325 516 3378; x_wconf 79' lang='lat' dir='ltr'>mutatur.</span> <span class='ocrx_word' id='word_1_212' title='bbox 567 3304 675 3378; x_wconf 90' lang='lat' dir='ltr'>Unde</span> <span class='ocrx_word' id='word_1_213' title='bbox 695 3305 727 3376; x_wconf 74' lang='grc' dir='ltr'>δι</span> <span class='ocrx_word' id='word_1_214' title='bbox 746 3307 851 3397; x_wconf 88' lang='lat' dir='ltr'>luna,</span> <span class='ocrx_word' id='word_1_215' title='bbox 879 3327 959 3378; x_wconf 92' lang='lat' dir='ltr'>cum</span> <span class='ocrx_word' id='word_1_216' title='bbox 980 3305 1146 3378; x_wconf 87' lang='lat' dir='ltr'>videatur</span> <span class='ocrx_word' id='word_1_217' title='bbox 1162 3323 1232 3375; x_wconf 90' lang='lat' dir='ltr'>ona</span> <span class='ocrx_word' id='word_1_218' title='bbox 1246 3302 1316 3377; x_wconf 86' lang='lat' dir='ltr'>elle</span> 
     </span>
     <span class='ocr_line' id='line_1_30' title="bbox 235 3401 1316 3499; baseline 0 -24"><span class='ocrx_word' id='word_1_219' title='bbox 235 3476 239 3485; x_wconf 83' lang='grc'>,</span> <span class='ocrx_word' id='word_1_220' title='bbox 256 3420 320 3499; x_wconf 79' lang='lat' dir='ltr'>per</span> <span class='ocrx_word' id='word_1_221' title='bbox 334 3404 531 3479; x_wconf 77' lang='lat' dir='ltr'>substantie</span> <span class='ocrx_word' id='word_1_222' title='bbox 541 3406 847 3495; x_wconf 86' lang='lat' dir='ltr'>immutationem,</span> <span class='ocrx_word' id='word_1_223' title='bbox 873 3419 991 3477; x_wconf 88' lang='lat' dir='ltr'>tamen</span> <span class='ocrx_word' id='word_1_224' title='bbox 1007 3404 1141 3494; x_wconf 78' lang='lat' dir='ltr'>semper</span> <span class='ocrx_word' id='word_1_225' title='bbox 1156 3425 1175 3475; x_wconf 91' lang='lat' dir='ltr'>a</span> <span class='ocrx_word' id='word_1_226' title='bbox 1191 3401 1316 3477; x_wconf 87' lang='lat' dir='ltr'>semet·</span> 
     </span>
     <span class='ocr_line' id='line_1_31' title="bbox 254 3502 1314 3601; baseline 0.002 -26"><span class='ocrx_word' id='word_1_227' title='bbox 254 3502 325 3601; x_wconf 82' lang='lat' dir='ltr'>ipsa</span> <span class='ocrx_word' id='word_1_228' title='bbox 343 3506 410 3581; x_wconf 89' lang='lat' dir='ltr'>alia</span> <span class='ocrx_word' id='word_1_229' title='bbox 431 3506 508 3598; x_wconf 88' lang='lat' dir='ltr'>est,</span> <span class='ocrx_word' id='word_1_230' title='bbox 536 3504 743 3595; x_wconf 86' lang='lat' dir='ltr'>semperque</span> <span class='ocrx_word' id='word_1_231' title='bbox 766 3505 923 3577; x_wconf 72' lang='lat' dir='ltr'>diversas</span> <span class='ocrx_word' id='word_1_232' title='bbox 953 3506 985 3574; x_wconf 73' lang='grc' dir='ltr'>ἀ</span> <span class='ocrx_word' id='word_1_233' title='bbox 1004 3504 1050 3577; x_wconf 87' lang='lat' dir='ltr'>fic</span> <span class='ocrx_word' id='word_1_234' title='bbox 1066 3506 1171 3584; x_wconf 83' lang='lat' dir='ltr'>etiam</span> <span class='ocrx_word' id='word_1_235' title='bbox 1185 3503 1222 3575; x_wconf 94' lang='lat' dir='ltr'>in</span> <span class='ocrx_word' id='word_1_236' title='bbox 1242 3502 1314 3594; x_wconf 87' lang='lat' dir='ltr'>ipsa</span> 
     </span>
     <span class='ocr_line' id='line_1_32' title="bbox 207 3602 1312 3704; baseline -0.005 -25"><span class='ocrx_word' id='word_1_237' title='bbox 207 3680 210 3687; x_wconf 80' lang='grc'><strong>,</strong></span> <span class='ocrx_word' id='word_1_238' title='bbox 255 3602 414 3704; x_wconf 72' lang='lat' dir='ltr'>constat,</span> <span class='ocrx_word' id='word_1_239' title='bbox 441 3605 539 3695; x_wconf 89' lang='lat' dir='ltr'>quod</span> <span class='ocrx_word' id='word_1_240' title='bbox 559 3627 627 3676; x_wconf 89' lang='lat' dir='ltr'>una</span> <span class='ocrx_word' id='word_1_241' title='bbox 642 3607 760 3677; x_wconf 78' lang='lat' dir='ltr'>mriltae</span> <span class='ocrx_word' id='word_1_242' title='bbox 779 3605 856 3680; x_wconf 81' lang='lat' dir='ltr'>sint.</span> <span class='ocrx_word' id='word_1_243' title='bbox 908 3604 966 3676; x_wconf 91' lang='lat' dir='ltr'>Sic</span> <span class='ocrx_word' id='word_1_244' title='bbox 983 3625 1071 3699; x_wconf 85' lang='lat' dir='ltr'>ergo</span> <span class='ocrx_word' id='word_1_245' title='bbox 1087 3603 1223 3693; x_wconf 75' lang='lat' dir='ltr'>unos,</span> <span class='ocrx_word' id='word_1_246' title='bbox 1252 3602 1312 3693; x_wconf 91' lang='lat' dir='ltr'>qui</span> 
     </span>
     <span class='ocr_line' id='line_1_33' title="bbox 220 3699 1312 3798; baseline -0.006 -19"><span class='ocrx_word' id='word_1_247' title='bbox 220 3702 224 3715; x_wconf 86' lang='lat'>&#39;</span> <span class='ocrx_word' id='word_1_248' title='bbox 253 3702 367 3785; x_wconf 78' lang='lat' dir='ltr'>tdhnc</span> <span class='ocrx_word' id='word_1_249' title='bbox 387 3706 590 3798; x_wconf 87' lang='lat' dir='ltr'>insipientes</span> <span class='ocrx_word' id='word_1_250' title='bbox 613 3703 728 3778; x_wconf 83' lang='lat' dir='ltr'>somus</span> <span class='ocrx_word' id='word_1_251' title='bbox 756 3702 1035 3798; x_wconf 73' lang='lat' dir='ltr'>&amp;imperseili,</span> <span class='ocrx_word' id='word_1_252' title='bbox 1072 3702 1152 3792; x_wconf 89' lang='lat' dir='ltr'>quia</span> <span class='ocrx_word' id='word_1_253' title='bbox 1175 3699 1312 3794; x_wconf 88' lang='lat' dir='ltr'>semper</span> 
     </span>
     <span class='ocr_line' id='line_1_34' title="bbox 252 3801 1311 3895; baseline 0 -22"><span class='ocrx_word' id='word_1_254' title='bbox 252 3817 425 3887; x_wconf 78' lang='lat' dir='ltr'>mutamus</span> <span class='ocrx_word' id='word_1_255' title='bbox 448 3803 664 3894; x_wconf 86' lang='lat' dir='ltr'>sententias,</span> <span class='ocrx_word' id='word_1_256' title='bbox 699 3801 892 3895; x_wconf 78' lang='lat' dir='ltr'>&amp;semper</span> <span class='ocrx_word' id='word_1_257' title='bbox 919 3801 1056 3875; x_wconf 87' lang='lat' dir='ltr'>diversa</span> <span class='ocrx_word' id='word_1_258' title='bbox 1074 3802 1246 3892; x_wconf 70' lang='lat' dir='ltr'>‘cupimus</span> <span class='ocrx_word' id='word_1_259' title='bbox 1276 3803 1311 3873; x_wconf 82' lang='lat' dir='ltr'>lit</span> 
     </span>
     <span class='ocr_line' id='line_1_35' title="bbox 250 3901 1309 3994; baseline -0.007 -16"><span class='ocrx_word' id='word_1_260' title='bbox 250 3902 445 3994; x_wconf 82' lang='lat' dir='ltr'>sentimus,</span> <span class='ocrx_word' id='word_1_261' title='bbox 482 3925 572 3976; x_wconf 88' lang='lat' dir='ltr'>unus</span> <span class='ocrx_word' id='word_1_262' title='bbox 594 3924 669 3975; x_wconf 87' lang='lat' dir='ltr'>non</span> <span class='ocrx_word' id='word_1_263' title='bbox 696 3902 877 3994; x_wconf 77' lang='lat' dir='ltr'>possumus</span> <span class='ocrx_word' id='word_1_264' title='bbox 908 3904 988 3975; x_wconf 86' lang='lat' dir='ltr'>dici.</span> <span class='ocrx_word' id='word_1_265' title='bbox 1048 3901 1106 3972; x_wconf 89' lang='lat' dir='ltr'>De</span> <span class='ocrx_word' id='word_1_266' title='bbox 1128 3901 1228 3993; x_wconf 88' lang='lat' dir='ltr'>justis</span> <span class='ocrx_word' id='word_1_267' title='bbox 1250 3923 1309 3973; x_wconf 85' lang='lat' dir='ltr'>au·</span> 
     </span>
     <span class='ocr_line' id='line_1_36' title="bbox 250 4000 1310 4096; baseline -0.01 -12"><span class='ocrx_word' id='word_1_268' title='bbox 250 4018 320 4084; x_wconf 79' lang='lat' dir='ltr'>tem</span> <span class='ocrx_word' id='word_1_269' title='bbox 343 4025 419 4079; x_wconf 91' lang='lat' dir='ltr'>non</span> <span class='ocrx_word' id='word_1_270' title='bbox 441 4002 552 4074; x_wconf 91' lang='lat' dir='ltr'>solum</span> <span class='ocrx_word' id='word_1_271' title='bbox 576 4022 639 4093; x_wconf 89' lang='lat' dir='ltr'>per</span> <span class='ocrx_word' id='word_1_272' title='bbox 661 4003 815 4096; x_wconf 80' lang='lat' dir='ltr'>singulos</span> <span class='ocrx_word' id='word_1_273' title='bbox 834 4017 923 4073; x_wconf 82' lang='lat' dir='ltr'>unus</span> <span class='ocrx_word' id='word_1_274' title='bbox 947 4002 1103 4093; x_wconf 82' lang='lat' dir='ltr'>dicitur,</span> <span class='ocrx_word' id='word_1_275' title='bbox 1133 4000 1310 4073; x_wconf 82' lang='lat' dir='ltr'>verum&amp;</span> 
     </span>
    </p>
   </div>
   <div class='ocr_carea' id='block_1_3' title="bbox 216 4098 1343 4284">
    <p class='ocr_par' dir='ltr' id='par_1_3' title="bbox 216 4098 1343 4284">
     <span class='ocr_line' id='line_1_37' title="bbox 216 4098 1343 4206; baseline -0.026 -12"><span class='ocrx_word' id='word_1_276' title='bbox 216 4186 220 4195; x_wconf 93' lang='grc'><em>,</em></span> <span class='ocrx_word' id='word_1_277' title='bbox 250 4124 372 4189; x_wconf 82' lang='lat' dir='ltr'>omnes</span> <span class='ocrx_word' id='word_1_278' title='bbox 391 4116 741 4206; x_wconf 82' lang='lat' dir='ltr'>competenterunus</span> <span class='ocrx_word' id='word_1_279' title='bbox 760 4102 938 4183; x_wconf 83' lang='lat' dir='ltr'>dicuntur.</span> <span class='ocrx_word' id='word_1_280' title='bbox 964 4098 1307 4181; x_wconf 81' lang='lat' dir='ltr'>Etcuruonomnes</span> <span class='ocrx_word' id='word_1_281' title='bbox 1337 4156 1343 4165; x_wconf 88' lang='lat'><em>.</em></span> 
     </span>
     <span class='ocr_line' id='line_1_38' title="bbox 1167 4222 1260 4284; baseline -0.054 0"><span class='ocrx_word' id='word_1_282' title='bbox 1167 4222 1260 4284; x_wconf 80' lang='lat' dir='ltr'>unus</span> 
     </span>
    </p>
   </div>
   <div class='ocr_carea' id='block_1_4' title="bbox 0 0 1542 4875">
    <p class='ocr_par' dir='ltr' id='par_1_4' title="bbox 0 0 1542 4875">
     <span class='ocr_line' id='line_1_39' title="bbox 0 0 1542 4875; baseline 0 6"><span class='ocrx_word' id='word_1_283' title='bbox 0 0 1542 4875; x_wconf 95' lang='lat' dir='ltr'> </span> 
     </span>
    </p>
   </div>
  </div>
 </body>
</html>
