3075 4875
290 431 339 504 μ
427 339 432 348 ’
522 487 527 496 ,
611 353 1012 502 on'roours

291 590 363 644 vor
378 587 482 666 reges
494 565 596 661 estio,
620 569 752 644 merito
770 587 835 642 rex
848 566 969 642 noster
986 561 1142 640 Chrisun
1161 562 1343 640 Dominus

294 674 366 764 Rex
382 670 657 763 diciturRegum,
682 669 721 745 (5
734 674 891 741 Dominus
905 671 1154 746 dominantium*
1174 666 1246 739 sed
1259 665 1347 740 srcut

293 768 462 844 exultatis
486 769 530 842 de
549 761 747 843 nobilitatis
770 769 1041 859 vestraetitu10,
1060 761 1272 839 indiscere
1288 765 1346 838 de·

292 871 412 959 betis,
443 868 532 959 quid
563 870 702 965 agendo
732 867 965 962 unusquisque
992 863 1147 938 vestrum
1177 861 1243 937 fiat
1267 883 1343 939 rex.

293 968 406 1068 Quod
424 970 531 1041 vobis
546 967 596 1042 ita
611 972 772 1043 breviter
786 967 961 1043 definiam.
986 964 1121 1060 Regem
1135 978 1173 1036 te
1187 965 1347 1040 omnium
1381 1037 1383 1042 .

292 1069 362 1142 elie
377 1067 490 1158 facit,
527 1066 552 1140 ii
571 1083 698 1164 regnet
718 1067 876 1145 Christus
897 1069 1001 1146 inte.
1050 1063 1131 1136 Rex
1155 1083 1347 1155 numqueu

291 1169 452 1264 regendo
474 1166 585 1240 dicius
606 1166 667 1243 est.
718 1168 754 1243 Si
770 1188 860 1265 ergo
886 1167 970 1240 &in
991 1180 1029 1238 te
1045 1165 1179 1237 animus
1197 1176 1346 1258 regnat,

283 1268 329 1341 ’ἅ
350 1285 481 1358 corpus
504 1270 751 1362 obtemperat,
776 1267 801 1342 fi
821 1263 1125 1360 concupiscentias
1148 1259 1345 1334 carnis-sub

289 1367 412 1461 jugum
427 1365 563 1458 imperii
582 1368 635 1438 tui
653 1368 794 1462 mittas,
819 1368 846 1441 sr
868 1368 1039 1439 vitiorum
1064 1377 1189 1458 gentes
1213 1357 1346 1434 sobrie·

292 1466 375 1550 tetis
392 1480 461 1537 tuae
477 1466 585 1539 frenis
601 1465 810 1552 utilioribus
831 1487 992 1560 premas,
1017 1464 1148 1537 merito
1167 1481 1233 1534 rex
1254 1461 1346 1534 dice·

255 1633 260 1642 ,
292 1565 364 1656 ris,
391 1564 449 1655 qui
465 1577 502 1638 te
517 1563 612 1640 teile
630 1588 734 1663 cgere
748 1567 909 1642 noveris.
961 1563 1051 1636 Cum
1067 1582 1154 1656 ergo
1173 1563 1255 1632 talis
1273 1558 1345 1633 sue·

291 1665 341 1736 ris
362 1663 532 1760 effectus,
565 1665 671 1762 digne
688 1665 730 1740 ut
749 1688 814 1741 rex
837 1666 879 1740 ad
899 1662 1073 1737 audiendo
1094 1660 1214 1733 divina
1235 1662 1346 1732 verba

291 1764 496 1840 vocaberis,
546 1764 633 1840 Hoc
649 1786 739 1840 vero
757 1766 857 1861 quod
873 1761 1113 1862 subsequitur,
1137 1760 1247 1856 magis
1268 1780 1346 1836 eor·

159 1897 163 1907 ·
292 1883 446 1959 pureum
465 1866 594 1958 aliquid
612 1865 772 1960 indicet,
798 1863 1015 1960 quod‘dicit:
1040 1861 1180 1933 Auribus
1196 1863 1345 1956 percipite

291 1987 395 2035 nunu
413 1968 567 2059 Surapae.
605 1964 706 2037 Sicut
723 1970 815 2041 enim
830 1964 1018 2039 inferiores
1038 1962 1118 2032 sunt
1129 1959 1272 2053 regibus
1289 1955 1345 2030 Sa·

255 2071 264 2087 '
291 2076 427 2155 trapae,
453 2063 504 2135 ita
519 2064 556 2136 u.
570 2066 710 2139 auribus
729 2041 915 2166 perci&
933 2059 1079 2135 inferius
1096 2055 1344 2151 videturesse,

292 2181 397 2251 quam
420 2162 551 2237 audire.
602 2161 740 2242 Audire
762 2184 926 2255 nutuque¹
942 2161 985 2234 ad
1007 2158 1216 2250 interiorem
1239 2158 1346 2250 perti-

290 2274 356 2350 net
372 2260 552 2336 hominem
562 2304 589 2346 r·
606 2262 695 2336 srcut
713 2265 941 2338 &Dominus
966 2259 1131 2333 dicebat:
1162 2261 1235 2352 Qui
1254 2259 1347 2330 lain

290 2363 568 2448 airusaulimai,
599 2364 723 2440 audiar.
766 2362 934 2437 >Auribus
954 2380 1045 2433 vero
1068 2358 1276 2452 percipere,
1303 2355 1345 2430 ad

290 2461 510 2535 exteriorem
536 2461 570 2534 ir
596 2469 821 2557 corporalem
848 2463 1004 2557 pertinet
1029 2458 1197 2533 auditum.
1256 2457 1345 2533 Ideo

291 2580 379 2654 crgo
395 2560 428 2631 δι
442 2561 500 2632 hic
514 2563 584 2655 illi,
612 2567 670 2654 qui
688 2566 810 2637 audire
826 2564 1021 2652 deberent,
1046 2577 1148 2654 reges
1165 2558 1345 2652 dicuutur,

292 2660 352 2752 qui
365 2679 457 2733 vero
471 2663 612 2736 auribus
627 2668 834 2758 percipere,
853 2662 1006 2752 Satrapae
1019 2658 1254 2752 appellantur.
1282 2660 1345 2751 figo

291 2763 589 2854 Dominocoorabo,
606 2765 734 2861 psoium
747 2770 812 2835 Deo
825 2763 929 2848 Israel.
955 2758 1056 2832 Beati
1070 2755 1170 2851 sunt,
1193 2759 1253 2850 qui
1267 2753 1344 2850 pos·

290 2856 370 2933 sunt
385 2876 529 2934 cantare
542 2864 719 2939 canticum
734 2863 919 2953 Domino,
936 2858 1027 2933 Cum
1039 2856 1195 2929 redimus
1209 2856 1254 2929 ad
1267 2855 1347 2929 scri·

290 2972 438 3052 pturas,
453 2963 564 3034 multu
579 2965 718 3038 cantica
735 2963 837 3035 sacris
855 2956 1278 3035 mandata-voluminibus
1294 2959 1346 3031 in·

290 3057 468 3151 venimus.
519 3061 702 3139 Habemus
725 3065 905 3158 integrum
917 3060 1097 3131 volumen
1126 3056 1170 3129 de
1197 3056 1345 3129 canticis

292 3157 514 3230 canticorum
529 3158 707 3254 scriptum.
759 3159 856 3233 Ecce
875 3160 908 3231 δι
925 3159 962 3230 in
981 3159 1053 3231 hoc
1070 3155 1164 3227 libro
1182 3156 1346 3249 Judicum
1384 3190 1387 3201 ·

288 3254 460 3329 habemus
474 3261 673 3344 canticum,
700 3261 735 3332 ἃ
751 3261 789 3333 in
805 3259 974 3333 Numeris
988 3254 1164 3329 canticum
1178 3252 1347 3348 scripturn

289 3353 360 3446 est,
387 3355 475 3429 &in
493 3357 803 3452 Deuteronomio,
829 3360 863 3431 δι
884 3358 921 3430 in
935 3354 1096 3448 Exodo,
1121 3354 1210 3429 &iu
1228 3357 1346 3448 primo

287 3453 497 3548 Regnorum
511 3457 618 3534 libro.
643 3460 685 3534 In
704 3461 822 3554 primo
841 3460 948 3531 etiam
965 3454 1289 3548 Paralipomenon,
1313 3455 1346 3527 δι

287 3553 326 3625 in
351 3554 425 3626 aliis
450 3558 569 3630 multis
590 3559 683 3631 locis
704 3559 868 3632 invenies
894 3556 1035 3638 cantica
1056 3554 1177 3627 divine
1195 3552 1265 3628 effe
1288 3555 1347 3628 de·

287 3651 428 3744 scripta.
462 3653 527 3729 Ait
541 3678 629 3754 ergo
647 3657 722 3733 haec
739 3679 816 3730 vox
832 3655 934 3748 iusti:
964 3655 1029 3754 Ego
1048 3659 1184 3725 Domino
1197 3656 1348 3735 cantabo,

285 3756 417 3849 psallam
435 3760 502 3828 Deo
524 3759 626 3850 lsrael.
677 3759 770 3852 Quis
793 3772 896 3849 putas
913 3754 965 3827 ito
984 3774 1124 3828 canore
1146 3756 1251 3827 vocis
1275 3753 1345 3836 est,

289 3853 324 3925 δι
341 3853 391 3925 ita
409 3851 549 3948 spiritus
574 3858 655 3950 puri
677 3854 874 3946 mentisque
900 3853 1066 3944 fincerae,
1099 3866 1141 3927 ut
1169 3855 1347 3927 cantilena
1384 3908 1389 3943 ,,

288 3956 363 4044 ejus
381 3953 540 4029 divinum
563 3954 737 4030 delemare
756 3955 861 4048 possit
875 3951 1062 4025 auditum?
1096 3953 1160 4026 Ille
1179 3954 1345 4047 profeilo

252 4077 255 4084 ¹
283 4050 364 4148 est,
389 4057 451 4147 qui
469 4058 606 4149 nullum
624 4077 770 4131 raucum
794 4056 905 4128 habet
924 4055 962 4125 in
981 4050 1015 4126 se
1039 4055 1178 4146 peccati
1198 4053 1345 4146 sonum,

1236 4156 1295 4246 qui
