3075 4875
390 385 675 482 srr‘ncra
699 405 766 482 ru
790 393 1086 485 rsALMo‘s.
1145 403 1165 510 ζ
1197 433 1272 504 4¹5
1369 343 1377 356 N

205 567 293 645 Deo
307 568 424 666 ignem
441 589 518 641 non
534 568 747 660 admittunt,
774 569 883 661 quiin
900 568 1032 664 sagittis
1048 569 1189 668 maligni
1206 569 1270 650 est.
1377 657 1379 661 ‚

208 670 277 742 Sed
293 671 493 760 Dominus,
522 673 581 759 qui
593 668 703 761 dixit,
731 671 837 763 Ignem
852 694 929 740 vem
941 687 1070 740 motare
1084 677 1121 741 in
1136 689 1270 761 terram,

207 771 353 860 eloquia
370 768 495 841 babuit
507 767 635 862 ignita:
663 789 770 858 quare
789 769 856 842 ait:
886 771 933 840 Et
945 772 1021 865 quid
1033 772 1124 853 volo,
1151 774 1214 862 m‘ss
1229 789 1271 844 ut

207 867 420 941 accendatur?
453 863 567 940 Forte
588 870 693 941 etiam
711 871 752 940 in*
766 870 900 961 Spiritu
923 867 1042 941 sancto
1059 868 1190 966 &igne
1208 874 1271 946 ba·

208 972 322 1064 ptizat
338 967 461 1064 Jesus‚
490 965 549 1039 sed
562 967 651 1063 ignis
668 969 741 1040 urit
752 970 866 1065 ligna,
892 968 1046 1060 foenum,
1071 968 1244 1061 stipulam.

282 1073 443 1162 Quoniam
459 1075 528 1164 quis
551 1075 637 1137 oeus
652 1085 769 1162 prater
789 1067 983 1140 minanam?
1012 1085 1069 1138 aut
1089 1074 1159 1166 quis
1177 1072 1295 1141 Deur-

200 1185 318 1268 prater
348 1171 447 1238 Deum
466 1159 630 1264 nostrum?
655 1171 766 1254 Deus,
791 1175 846 1266 qui
862 1172 1034 1263 precinxit
1050 1191 1097 1239 ma
1114 1173 1269 1262 virtute,-
1360 1229 1363 1236 .

205 1271 245 1345 Θ
263 1273 366 1363 posuit
385 1269 616 1337 immansurum
631 1272 720 1337 uiam
737 1291 853 1344 mearat
879 1273 935 1366 qui
943 1267 1078 1364 perfecit
1085 1271 1176 1364 pedes
1189 1294 1270 1341 meas

205 1381 361 1464 tunquam
384 1391 569 1454 cervorum,
609 1364 648 1442 (5
666 1368 761 1462 super
782 1368 895 1454 excelsa
905 1397 909 1406 ·
912 1368 1055 1466 florueras
1074 1393 1144 1459 me,
1178 1365 1268 1466 sin]
1311 1373 1315 1380 ’

206 1467 410 1539 Secundum
444 1466 517 1540 hoc
546 1464 778 1561 significatum
815 1465 910 1541 solus
944 1487 1053 1540 verus
1085 1467 1184 1540 Deua
1219 1467 1272 1544 est

205 1565 308 1640 Deus
337 1579 463 1658 pater,
489 1564 551 1638 nifi
570 1567 783 1659 relativum,
809 1567 1023 1665 qui15„quod
1041 1563 1131 1661 saepe
1148 1570 1271 1643 rarita-

205 1681 280 1739 tem
308 1662 506 1760 srgnificat,
544 1664 586 1737 ad
607 1667 833 1761 unigenitum
856 1665 1063 1740 referamus.
1124 1663 1173 1738 Et
1195 1669 1270 1742 hoc

204 1767 347 1857 quidem
371 1768 457 1837 loco
483 1784 578 1837 zona
601 1769 717 1838 virtus
743 1764 817 1860 est,
851 1767 944 1859 apud
971 1765 1116 1852 Paulum
1148 1780 1269 1842 autem

204 1867 354 1938 veritas.
406 1861 491 1955 Ejus
515 1877 658 1955 autem,
685 1867 745 1956 qui
768 1868 893 1961 pulcre
918 1868 1051 1956 currit,
1079 1865 1269 1942 &cursum

204 1961 372 2058 perficit,
398 1959 634 2055 perficiuntur
654 1965 763 2055 pedes
780 1980 946 2057 tanquam
963 1983 1169 2038 cervorum.
1220 1965 1271 2039 Et

196 2069 294 2155 super
316 2065 430 2148 excelsa
445 2063 589 2156 flaturas
608 2088 666 2133 me.
718 2063 975 2157 Unusquisque
999 2067 1147 2158 propria
1175 2084 1269 2155 quae·

206 2159 285 2236 'dam
311 2161 449 2235 excelsa
466 2164 599 2255 babet,
627 2167 792 2254 aquibus
813 2163 966 2257 decidit,
993 2164 1055 2235 vel
1074 2161 1267 2254 descendit.

283 2261 469 2361 Eprium]
497 2260 577 2352 Est,
605 2263 703 2353 cujus
721 2261 958 2355 perficiuntur
978 2263 1086 2356 pedes
1100 2277 1275 2355 tanquam·

206 2365 305 2434 cervi
321 2379 384 2456 per
400 2359 598 2454 astionem,
625 2362 810 2458 eriguntur
827 2377 944 2438 autem
964 2383 1028 2456 per
1048 2365 1269 2458 contempla·
1301 2379 1306 2392 ‘

204 2464 355 2537 donem.
407 2465 654 2562 Quamobrem
676 2482 807 2537 cervus
832 2476 960 2538 enecat
976 2464 1168 2554 serpentes.

280 2570 351 2654 Qui
360 2566 442 2633 docet
456 2587 570 2631 manus
581 2588 663 2634 mear
675 2565 716 2634 ad
724 2566 884 2659 prasium,
902 2564 940 2641 U
957 2562 1082 2659 pbsurili
1101 2578 1141 2632 trs
1156 2585 1267 2633 arcum

204 2662 317 2732 aream
341 2661 468 2733 brachia
491 2672 587 2751 mea,'
604 2662 695 2757 dc]
719 2662 884 2737 Adionir
906 2662 1106 2757 symbolum
1130 2660 1181 2734 est
1208 2682 1267 2738 aes.

206 2765 358 2856 Corrupit
376 2765 469 2834 enim
489 2786 529 2829 aes
549 2779 660 2847 tuum,
694 2760 783 2832 dicit
801 2762 974 2836 Ezechiel
995 2763 1037 2832 ad
1062 2759 1267 2854 Jerusalem.

158 2946 161 2952 ⁵
204 2860 389 2956 Quoniam
408 2863 516 2955 igitur
539 2858 660 2931 nostra
675 2861 821 2933 brachia
840 2864 989 2935 mittunt
1005 2858 1168 2955 sagittas,
1195 2859 1266 2934 ait:

205 2956 409 3049 Praepar'asti
428 2957 574 3029 brachia
595 2979 674 3030 mea
693 2958 783 3030 ficut
798 2980 940 3053 arcum,
966 2960 1000 3032 u
1019 2959 1116 3032 addit
1133 2970 1268 3048 areum
1289 2998 1293 3008 ·

206 3058 398 3129 ostendens
422 3058 521 3131 illum
551 3058 728 3130 intentum
752 3058 995 3132 &iniradlum
1020 3056 1121 3149 elle,
1156 3080 1197 3131 ac
1217 3060 1268 3131 di·

204 3177 317 3230 cens:
353 3156 396 3231 ln
421 3156 550 3251 praeliis
576 3157 744 3230 adversus
766 3158 887 3233 hostes
913 3159 1183 3254 insuperabilem
1207 3155 1277 3235 me'

203 3255 329 3332 fecisti.

217 3346 226 3385 ⁵
280 3357 329 3428 Et
350 3355 460 3453 dedisti
477 3356 563 3426 mihi
578 3354 803 3452 protellionem
824 3354 947 3445 salutis
964 3382 1054 3445 meae,
1082 3355 1121 3434 di
1138 3359 1267 3431 dextera

203 3460 263 3528 sita
277 3456 404 3553 suscepit
422 3483 486 3535 me,
510 3454 550 3532 U
568 3458 732 3554 disciplina
751 3473 812 3527 tua
824 3465 960 3530 correxit
975 3464 1074 3528 mein
1086 3462 1210 3549 finem‚'
1228 3456 1269 3537 θ’

202 3558 370 3653 disciplina
389 3574 447 3628 tua
459 3560 523 3652 ipsa
543 3582 591 3627 me
606 3559 738 3644 docebit,
765 3553 851 3653 sie]
886 3560 961 3655 Qui
976 3559 1013 3629 in
1038 3558 1187 3632 dextera
1203 3556 1267 3632 Pa·
1377 3572 1379 3579 '

201 3657 267 3728 tris
289 3655 411 3750 sedet,
448 3657 682 3731 hicvocatur
704 3657 866 3733 dextera.
921 3658 966 3730 Et
987 3661 1100 3750 priori
1124 3658 1267 3751 quidem
1364 3709 1366 3713 -

157 3758 160 3763 ’
203 3754 385 3849 disciplina
420 3777 489 3830 nos
525 3750 700 3855 corrigit,
728 3758 887 3831 secunda
913 3778 1007 3833 vero
1039 3779 1108 3833 nos
1142 3761 1265 3835 docet.

201 3852 298 3931 Nam
316 3854 411 3928 reela
430 3855 605 3929 institutio
627 3858 778 3930 animam
801 3859 851 3932 eri
879 3860 930 3952 it,
965 3859 1127 3956 cognitio
1148 3871 1270 3933 autem·

201 3970 293 4030 vera
313 3957 352 4030 in
375 3957 643 4053 amplitudinem
667 3957 778 4034 ducit
839 3881 1004 4037 dextera
1028 3957 1079 4033 est
1105 3958 1265 4131 omfnissrm

213 4076 221 4085 ·
1025 4112 1027 4117 .
1090 4077 1192 4150 opre
1260 4118 1264 4127 .

159 4254 198 4327 ³-
311 4288 355 4355 r
