3075 4875
350 497 353 502 ,
441 407 1140 503 setecnrrnrsatnos
1249 357 1360 548 aar

262 576 321 670 bis
342 575 541 674 legentibus
563 577 598 652 se
627 576 752 655 orasse.
813 579 947 654 Melius
969 600 1063 654 vero
1086 581 1149 677 ld,
1181 580 1321 680 dequo

238 679 455 770 ‘'quaeritur,
487 675 535 773 sic
555 677 745 761 solvetur,
777 675 899 752 Psalmi
923 681 1135 774 principium
1153 667 1323 760 continet

261 778 521 874 precationem.
572 778 713 853 Deinde
727 775 809 872 post
825 783 1071 873 precationem
1085 802 1104 853 a
1120 780 1324 878 diapsalma·

261 891 303 949 te
319 873 369 949 est
392 878 582 971 gratiarum
604 876 715 970 aelio,
740 877 839 970 quod
856 878 1075 971 obtinuerit,
1101 901 1179 972 quae
1204 885 1319 975 petie·

261 989 332 1050 rat.
381 974 545 1049 Tandem
560 975 720 1050 absoluta
736 980 927 1076 gratiarum
943 976 1105 1067 attieno,
1131 980 1257 1055 taciem
1273 980 1319 1055 ad

257 1094 333 1164 nos
360 1077 546 1149 convertit
571 1075 775 1170 Propheta,
813 1077 847 1149 dt
878 1077 1174 1170 quemadmodum
1206 1100 1316 1155 orans

249 1170 441 1269 'postulata
465 1177 689 1269 obtinuerit,
721 1188 852 1251 narrat.
904 1176 1177 1252 Consideremus
1198 1173 1337 1297 vero',

261 1288 433 1366 quantum
452 1274 495 1346 ad
507 1276 645 1349 literam
660 1277 808 1368 attinet,
835 1276 940 1349 illud:
972 1279 1051 1350 Vae
1068 1301 1135 1349 mea
1147 1281 1188 1348 ad
1207 1283 1320 1349 Dama·

219 1437 226 1451 ,
257 1397 338 1443 nem
355 1373 514 1460 clamavi,
540 1375 574 1449 dt
592 1375 689 1467 quod
706 1374 863 1468 sequitur
877 1395 923 1448 ex
939 1375 1197 1451 consuetudine
1212 1375 1320 1471 scrip·

258 1486 351 1564 ture
365 1474 541 1567 positum,
567 1473 601 1547 dt
619 1491 683 1547 cur
697 1475 767 1546 viri
788 1473 894 1548 saneti
909 1471 1151 1567 sepenumero
1169 1496 1318 1572 precam·

258 1571 312 1658 do
332 1573 376 1645 ad
400 1571 518 1646 Deum
543 1575 786 1648 clamaverint
838 1567 1186 1651 ¹Attendatur'etiam
1210 1576 1254 1649 ad
1277 1575 1319 1649 il·

258 1670 346 1763 lud,
379 1673 476 1764 quod
496 1672 665 1765 seriptum
694 1673 771 1755 est‘,
803 1670 953 1747 stantem
971 1672 1088 1768 Jesum
1116 1673 1320 1770 clamavisse

259 1771 296 1844 &
311 1769 451 1845 dixisse:
477 1774 516 1842 Si
534 1774 709 1868 qurssstit,
735 1779 852 1844 veniat
869 1774 911 1843 ad
927 1775 975 1842 'me
993 1773 1029 1849 (9
1048 1773 1146 1845 libat.
1195 1761 1319 1872 Nobis

259 1870 405 1962 quidem
417 1869 641 1964 Apostolus,
667 1892 747 1944 cum
768 1875 817 1946 ait
833 1871 991 1965 spiritum
1012 1867 1259 1945 universaliter
1280 1872 1320 1966 in

259 1968 432 2042 cordibus
456 1968 652 2044 sannorum
675 1973 847 2066 clamare,
874 1970 962 2043 Abla
983 1972 1094 2057 Pater,
1119 1972 1321 2067 intelligen-

251 2069 296 2144 'di
316 2068 540 2148 occasionem
551 2072 704 2163 praebet,
724 2068 913 2163 spiritalem
928 2069 997 2143 esse
1015 2072 1230 2163 clamorem,
1257 2070 1320 2162 qui

259 2167 482 2261 intenditur,
519 2170 650 2262 quique
669 2169 720 2243 est
746 2172 869 2266 ammae
890 2189 996 2260 vox,
1031 2190 1100 2261 qua
1124 2169 1322 2256 utiturde·
1365 2167 1367 2172 ’

225 2307 228 2311 ,
260 2266 382 2367 posrto
397 2286 536 2363 organo
556 2290 619 2363 per
636 2268 732 2361 quod
746 2269 829 2342 talia
847 2269 1040 2364 eloquitur.
1092 2267 1141 2341 Et
1152 2282 1319 2364 putamus

258 2367 474 2442 rationalem
505 2365 715 2464 discursum,
744 2370 808 2461 qui
839 2371 877 2443 in
901 2366 1085 2442 intellectu
1117 2372 1319 2465 peragitur,

260 2466 385 2563 anime
398 2465 467 2540 elle
480 2487 635 2560 vocem,
662 2489 760 2561 quae,
785 2466 929 2542 ssfuerit
948 2469 1142 2559 solertior,
1159 2469 1250 2541 &de
1263 2489 1316 2542 re-

260 2566 333 2640 bus
349 2563 672 2663 prestantioribus,
689 2589 774 2642 non
796 2589 889 2642 vero
910 2567 1052 2661 abjectis
1071 2567 1107 2640 dt
1127 2568 1324 2641 humilibus

262 2662 427 2759 disserat,
455 2665 614 2759 spiritalis
640 2666 711 2741 erit
731 2669 878 2742 clamor.
930 2666 1038 2740 Hunc
1054 2667 1114 2759 qui
1133 2667 1175 2738 ad
1199 2664 1322 2740 Deum

262 2764 436 2840 emittunt
450 2766 665 2860 clamorem,
685 2766 943 2860 exaudiuntur,
969 2765 1161 2853 nisrsorte,
1181 2779 1222 2836 ut
1234 2782 1322 2856 prae·

248 2863 453 2939 'stantiores
477 2885 633 2959 coronas
659 2867 694 2938 in
720 2866 915 2958 majoribus
946 2863 1197 2937 certaminibus
1230 2860 1323 2935 acci·

249 2967 385 3065 piant,
424 2963 546 3037 divina
569 2961 828 3058 dispensatione
849 2962 1167 3056 derelinquantur,
1202 2980 1322 3053 quem·

263 3062 456 3138 admodum
474 3065 510 3137 in
526 3063 699 3137 Habacuc
719 3064 887 3157 scriptum
903 3060 971 3136 est:
1006 3066 1167 3159 Usquequo
1182 3065 1322 3159 Domum

261 3163 415 3251 cumulo,
438 3163 476 3239 Θ
490 3187 558 3234 non
578 3158 748 3235 exaudies?
776 3162 976 3257 lbciferador
994 3164 1035 3233 ed
1054 3178 1086 3232 te
1100 3168 1170 3232 vim
1178 3168 1323 3258 patiens,

249 3261 303 3341 ’ὕ
318 3286 385 3334 nun
394 3263 538 3354 salvabis
562 3262 632 3337 me?
646 3266 727 3335 Cur
745 3263 899 3361 oslendifli
917 3262 999 3332 milti
1012 3254 1162 3359 nieleflia's
1184 3259 1222 3336 d
1240 3260 1322 3331 lado-

263 3388 335 3454 ηε,
361 3381 399 3435 ut
411 3365 565 3449 miseriam
580 3362 825 3458 &amputarem
843 3357 1032 3455 aspicerem?
1058 3362 1166 3434 Hunc
1188 3361 1322 3432 clarno-

261 3462 389 3538 semin
405 3463 539 3561 magnis
556 3462 709 3537 decretis
724 3460 861 3556 semper
878 3461 983 3534 etiam
999 3459 1320 3536 emittitSalvator.

262 3561 374 3636 Sic&
393 3561 485 3635 stans
502 3562 573 3636 Dei
589 3564 750 3636 Verbum
767 3561 904 3654 semper
919 3563 1065 3648 clamat,
1093 3560 1323 3651 quemadmo-

264 3664 351 3736 dum
372 3661 406 3735 δι
428 3663 521 3756 apud
543 3659 773 3736 Salomonem
792 3658 987 3753 sapientia,
1023 3679 1100 3752 quae
1127 3656 1322 3732 secundum

231 3760 239 3783 '
262 3760 479 3856 hypostasrm
498 3750 621 3836 eadem
637 3760 687 3834 est
701 3782 742 3834 ac
759 3761 921 3833 Verbum
938 3758 1033 3852 Dei,
1061 3758 1218 3830 invitans
1239 3775 1322 3830 cum

263 3882 396 3959 magno
416 3863 573 3935 clamore
591 3860 633 3933 ad
650 3864 821 3957 poculum
838 3860 943 3939 dicit:
969 3864 1093 3955 Siquis
1108 3858 1321 3954 qsuinfiprens,

249 3960 398 4037 'declimt
414 3964 454 4033 ad
472 3987 535 4050 me,
561 3960 600 4038 (5
613 3964 724 4059 stultis
747 3965 891 4056 precipio
911 3962 1034 4030 dicon:
1063 3960 1203 4042 Venite,
1228 3978 1323 4025 come-

248 4065 332 4141 'dt'u
345 4084 444 4158 panes
460 4087 560 4149 meos,
586 4059 625 4140 σ
644 4060 737 4134 bibite
752 4066 887 4144 uinum,
911 4060 991 4157 quod
1005 4056 1112 4151 miserti
1123 4057 1221 4128 nobb.
1254 4055 1323 4128 lta·

251 4172 258 4183 '
317 4165 465 4261 ore'gme
492 4160 581 4239 nm.
610 4164 704 4240 Vll·
888 4159 924 4236 R
1040 4180 1042 4186 ·
1205 4156 1298 4244 que*
