3075 4875
264 351 411 483 aa?
526 467 531 472 .
630 393 1039 480 oarunurs
1138 418 1162 496 ς
1338 487 1347 497 ,,

290 575 378 656 ergo
406 499 456 631 est
472 501 568 658 silius=
583 538 726 658 gratie,
762 526 925 657 qulDeo
947 555 1110 636 vacat&
1129 554 1248 634 verbo
1266 552 1353 636 Det.

195 703 198 710 -
229 709 231 714 >
289 657 356 732 Vis
376 673 493 731 autem
512 662 776 737 evidentiorem
796 660 861 737 tibi
883 653 1069 740 ostendam
1089 654 1173 733 &in
1185 658 1353 755 Euange-

174 815 184 825 ,
290 760 347 835 liis
361 755 817 859 hujusmodiintelligentia'e
836 763 1007 853 formam,
1034 780 1111 853 quae
1122 762 1160 831 in
1177 761 1258 860 lege
1276 759 1353 851 qui·

266 866 269 884 '
292 856 374 931 dem
389 858 618 931 adumbratur
634 879 698 953 per
712 878 872 956 uxores,
897 864 935 935 in
949 860 1153 956 evangeliis
1171 876 1264 930 vero
1278 860 1354 950 jam

291 954 440 1053 presens
467 953 676 1033 describitur
700 982 764 1055 per
785 958 964 1034 sorores?
999 957 1094 1033 Vide
1115 955 1299 1050 Martham
1318 958 1353 1029 dt

166 1064 170 1070 ’
230 1060 233 1079 “
287 1055 463 1147 Mariam,
487 1055 535 1128 'ex
556 1060 680 1149 quibus
699 1054 1004 1152 quidemMartha
1025 1049 1288 1148 conturbatur,
1315 1056 1351 1127 dt

290 1154 423 1250 satagit
440 1156 534 1228 eirca
556 1158 707 1233 multum
736 1158 993 1252 ministerium,
1031 1160 1064 1231 dt
1088 1156 1211 1249 explet
1238 1154 1351 1248 opera

291 1256 561 1347 conversionis,
589 1258 700 1351 &per
711 1257 789 1333 haec
804 1262 907 1333 velut
919 1252 1166 1336 conversionis
1185 1246 1280 1327 filios
1290 1274 1350 1349 ge·

290 1368 405 1428 uerat.
463 1354 580 1427 Maria
603 1379 695 1431 vero
720 1356 819 1431 secur
844 1358 953 1452 pedes
970 1358 1086 1430 Verbi
1109 1354 1181 1430 Der
1209 1354 1350 1426 intenta

292 1454 465 1545 optimam
482 1469 619 1547 partem
636 1450 775 1555 elegisse
794 1454 942 1549 dicitur,
970 1456 1083 1550 &per
1096 1455 1171 1528 hac
1183 1452 1352 1547 intelligi·

253 1601 258 1610 ,
292 1565 352 1624 tur
368 1552 472 1624 velut
489 1554 608 1649 gratiae
622 1560 780 1653 germina
795 1570 999 1651 procreare.
1032 1550 1091 1628 Sic
1104 1549 1190 1649 erg'o
1209 1550 1351 1624 &nunc

290 1658 399 1724 Anna
415 1664 564 1749 generat
576 1647 710 1731 filium(
751 1659 876 1756 Quem
893 1654 1033 1729 filium?
1058 1652 1275 1744 Samuelem,
1296 1652 1350 1723 in·

292 1754 387 1843 quit,
415 1753 475 1843 qui
489 1749 573 1825 Deo
592 1754 727 1850 assistit,
754 1751 799 1829 de
813 1773 885 1848 quo
897 1757 933 1828 iu
953 1749 1091 1845 Psalmis
1103 1752 1251 1825 dicitur:
1274 1756 1351 1821 Mo·

284 1861 335 1944 jes
353 1850 391 1927 (Ἰ
401 1856 517 1924 Aaron
539 1860 577 1924 in
593 1852 804 1945 sarcerdotilus
825 1860 911 1953 ejus,
936 1854 975 1933 U
993 1855 1122 1927 Samu'ei
1141 1859 1178 1922 in
1192 1851 1266 1942 aa,
1293 1853 1350 1947 qui

290 1957 448 2023 invocant
466 1973 578 2052 rumep
593 1960 675 2054 ejus.
718 1954 803 2030 'Sed
821 1952 1045 2125 &ujeremias
1065 1947 1177 2027 dicitr
1204 1954 1245 2019 Si
1257 1950 1351 2045 siete-

290 2058 365 2123 riut
382 2052 486 2141 Mases
500 2054 539 2129 (7
557 2052 684 2127 Samuel
697 2061 736 2127 in
751 2053 858 2150 conspe
890 2080 912 2126 u
928 2077 1014 2133 meo,
1039 2073 1105 2125 uon
1120 2054 1348 2123 dimittamus.

289 2149 327 2224 Si
340 2167 427 2247 ergo
448 2162 567 2225 tantus
588 2152 716 2228 &talis
732 2151 782 2239 est
793 2149 886 2227 filius
903 2150 1040 2251 gratiae‚
1068 2152 1101 2225 u
1120 2165 1188 2224 nos
1206 2145 1349 2224 festine·

284 2255 367 2325 ¹tuus
387 2250 529 2341 quidem
542 2250 585 2325 ad
601 2250 716 2329 Annae
731 2253 896 2347 nuptias,
918 2252 980 2338 sed
996 2252 1175 2345 patienter
1188 2266 1347 2343 agamus,

290 2362 333 2421 ut
347 2351 443 2443 prius
461 2351 567 2423 nobis
584 2341 648 2424 filii
663 2354 708 2427 de
720 2351 959 2445 conuerfione
976 2347 1182 2442 nascantur,
1199 2343 1297 2443 prius
1309 2349 1350 2421 in

290 2451 398 2524 bonis
411 2452 579 2542 operibus
597 2451 814 2546 placeamus,
824 2467 911 2526 tunc
927 2446 1055 2526 deinde
1069 2451 1155 2523 &de
1171 2450 1296 2545 gratia,
1313 2448 1349 2542 dr

290 2551 392 2623 dono
414 2547 554 2642 spiritus
569 2547 679 2627 filium
695 2569 939 2646 procreemus,
989 2549 1039 2624 Et
1058 2552 1195 2642 qualem
1207 2545 1349 2629 fillum?

291 2648 416 2746 Qualis
437 2649 495 2720 hic
511 2647 603 2723 filius
622 2649 690 2738 est,
710 2647 872 2746 Samuel,
897 2651 1032 2744 inquit,
1060 2651 1119 2742 qui
1135 2651 1346 2741 interpreta-

290 2745 416 2821 turibi
437 2743 510 2842 ipse
524 2744 637 2829 Deus.
688 2750 828 2844 Vides,
849 2747 974 2842 ¹quales
992 2742 1087 2822 lilios
1106 2754 1256 2844 generat
1271 2762 1346 2841 gra·

233 2901 237 2907 .
280 2846 371 2941 rial
397 2847 454 2920 Sic
478 2843 572 2924 enim
596 2846 763 2944 scriptum
787 2846 837 2924 est
856 2852 901 2923 de
917 2851 995 2942 his,
1029 2844 1088 2941 qui
1110 2847 1250 2942 spiritus
1269 2859 1345 2942 gra·

289 2951 376 3022 tiam
390 2947 573 3022 consecuti
592 2948 689 3040 sunt,
715 2948 857 3025 dicente
875 2949 1082 3043 Apostolor
1109 2955 1148 3018 Si
1167 2966 1242 3019 uero
1270 2949 1346 3023 Pro·

286 3052 386 3148 pheta
403 3054 528 3140 intret,
553 3068 613 3123 aut
632 3056 818 3149 smpuitus,
843 3062 902 3122 dut
918 3053 1016 3121 idiota
1033 3054 1273 3119 inconventum
1291 3065 1346 3116 ve·

283 3144 409 3248 strum,
432 3152 621 3242 discernitur
639 3152 679 3223 ab
695 3140 855 3239 omnibus,
881 3151 999 3220 occulto
1020 3169 1137 3245 quoque
1157 3151 1259 3218 carru
1277 3144 1345 3245 ejus

230 3320 232 3323 ,
288 3249 456 3346 manifesta
463 3250 575 3339 fient:
602 3250 641 3327 Θ
659 3266 737 3330 runjc
751 3253 864 3322 cadens
877 3249 1041 3343 infaciem
1055 3247 1199 3320 adorabit
1219 3251 1344 3332 Deum,

286 3350 410 3440 dicens,
436 3351 594 3444 quievere
608 3351 742 3436 Deurin
757 3343 846 3423 uobis
857 3349 910 3521 lapi.
946 3342 1031 3422 Hoc
1047 3343 1216 3442 estergO,
1244 3336 1344 3439 quod

284 3449 542 3540 interpretatur
562 3446 721 3545 Samuel,
746 3449 796 3522 ibi
819 3452 890 3542 ipe
913 3447 1026 3522 Deus.
1076 3442 1150 3519 Ubi
1168 3448 1261 3521 enim
1281 3439 1346 3541 spi·

286 3548 376 3621 ritus
394 3549 532 3643 gratiae,
557 3543 608 3621 ibi
623 3547 694 3642 ipse
711 3541 780 3622 elle
802 3547 931 3621 dicitur
944 3549 1056 3623 Deua
1107 3546 1178 3618 Sed
1196 3545 1259 3619 iste
1276 3563 1343 3617 no·

285 3647 431 3723 bistalis
448 3639 541 3721 filius
555 3663 632 3745 non
645 3648 764 3745 potest
778 3646 891 3741 nasci,
917 3645 980 3720 nisr
996 3637 1233 3740 praecesserint
1242 3641 1340 3738 priut

286 3744 352 3836 lilii
366 3741 573 3845 Fenennaelt
599 3747 661 3822 nisi
681 3748 774 3822 enim
791 3746 993 3842 precedant
1009 3759 1120 3839 opera
1134 3746 1340 3821 conversio·

286 3845 367 3939 nis,
393 3863 469 3939 non
491 3848 666 3922 meremur
678 3849 824 3944 gratiam
841 3846 1002 3942 spiritus,
1027 3861 1096 3922 nec
1112 3858 1158 3921 ex
1172 3843 1245 3940 ipsa
1260 3834 1367 3941 pos

284 3947 400 4027 sumus
421 3943 556 4027 donum
576 3942 715 4043 spiritus
733 3945 913 4047 generare.

1086 4160 1091 4168 ⁴
1180 4133 1291 4226 ara
