3075 4875
380 497 1079 580 srarcaanuesatmos.
1167 471 1256 602 'aas
1352 447 1354 456 Ι

197 675 300 754 mino,
312 672 399 739 Deus
414 691 498 736 meus
514 679 545 737 as
561 681 618 736 ru:
643 663 675 736 u
694 664 738 738 de
754 662 859 774 donis
875 665 945 736 tuis
961 684 1107 738 munera
1121 663 1186 739 tibi
1204 663 1260 737 of·

197 769 303 860 fero,
328 788 405 839 non
420 782 587 856 tanquam
600 764 784 860 indigenti.
819 763 943 837 Nemo
960 765 1054 837 enim
1071 765 1259 838 heretico·

199 889 280 941 rum
294 869 366 940 boc
382 867 526 957 dicens,
554 885 680 938 verum
695 861 869 956 proferet.
907 865 996 936 Non
1012 861 1125 937 solum
1140 871 1259 937 autem

199 969 274 1044 hoc
289 967 333 1039 de
349 963 587 1056 sensibilibus,
612 962 671 1036 sed
688 966 793 1036 etiam
813 963 857 1035 de
874 961 1083 1057 spiritalibus
1105 964 1259 1036 oblatio·

199 1067 304 1142 nibus
320 1063 624 1159 pronuntiandum
637 1062 700 1137 est.
752 1061 844 1135 Nam
862 1064 948 1134 licet
963 1058 1260 1136 sacrificiumvir·

200 1182 319 1240 tutum
330 1165 581 1255 obtulerimus,
590 1164 677 1236 licet
694 1159 851 1252 corpora
863 1159 982 1234 nostra
1001 1184 1065 1256 per
1083 1163 1260 1236 omnimo-

201 1267 282 1341 dam
309 1266 567 1337 continentiam
591 1259 927 1351 sacrilicaverimus,
953 1261 1078 1335 scimus
1097 1262 1156 1357 id,
1183 1283 1260 1334 non

196 1377 355 1461 'propter
374 1361 466 1438 suam
482 1363 673 1434 utilitatem
692 1361 810 1433 Deum
829 1363 1013 1457 accipere,
1034 1359 1093 1435 sed
1102 1377 1142 1435 ut
1154 1363 1261 1439 nobis

202 1465 410 1559 petentibus
423 1461 576 1535 coelestia
588 1461 684 1533 bona
697 1459 875 1535 conserat.
1284 1494 1288 1502 ·

281 1559 461 1660 Ejusdem]
513 1559 549 1632 si
563 1563 658 1633 inter
674 1564 772 1633 bona
788 1557 869 1632 sunt
883 1577 1008 1634 omnes
1024 1559 1202 1652 virtutes,
1229 1557 1263 1632 a

203 1659 348 1736 scientia
359 1663 502 1759 indiget
519 1660 732 1747 virtutibus,
757 1657 923 1756 omnibus
939 1673 1038 1732 certe
1053 1660 1157 1734 bonis
1176 1660 1264 1732 indi-

205 1779 267 1859 get
283 1762 438 1836 scientia.
464 1759 512 1833 Et
526 1759 629 1849 vide,
646 1781 693 1832 ne
708 1773 808 1832 certe
821 1759 881 1834 hic
898 1757 988 1832 dieta
1001 1756 1067 1856 sint
1081 1759 1178 1832 bona
1192 1779 1264 1833 me·

206 1863 286 1953 dia,
314 1881 466 1953 quorum
477 1857 569 1954 justa
583 1857 745 1954 polsellio
761 1879 831 1932 nos
842 1857 979 1952 justos,
999 1856 1032 1929 dt
1050 1879 1125 1932 non
1145 1857 1264 1950 Deum

202 1961 333 2055 justum
347 1961 476 2035 reddit.
528 1963 569 2030 Si
582 1959 676 2031 enim
690 1960 789 2050 lma,
804 1958 920 2050 inquit
933 1958 1018 2054 Job,
1026 1958 1212 2054 fiasceplmus
1229 1961 1265 2029 de

203 2086 303 2134 manu
320 2065 471 2152 Domini,
490 2059 650 2131 masanon
658 2057 897 2156 sustinebimus?
921 2060 982 2131 ubi
1003 2057 1184 2131 bonorum
1199 2078 1265 2132 no·

206 2161 302 2236 mine
314 2161 466 2234 vocavit
479 2157 681 2249 facultates,
693 2177 772 2250 quae
788 2175 833 2231 ex
847 2157 951 2232 bono
965 2155 1028 2231 usu
1042 2153 1134 2231 fiunt
1149 2160 1265 2231 bonae.

280 2260 423 2344 Sant'ir‘s,
436 2253 581 2360 quisunt
595 2265 632 2328 iu
645 2274 735 2356 terra
750 2253 828 2360 eju's,
840 2259 1029 2348 mirificavit
1040 2281 1142 2329 omnm
1152 2261 1266 2329 volun·

198 2363 372 2454 loressan
384 2367 421 2432 in
434 2353 490 2437 eil.
509 2359 749 2455 'Multiplicatae
762 2361 841 2445 sunt
854 2359 1057 2449 infirmitates
1072 2382 1206 2452 aarum,
1214 2378 1266 2452 pa·

197 2454 642 2561 flea·accelerauerunr,²dlc.]
669 2457 909 2557 Peccatorest
926 2475 1028 2532 extra
1037 2471 1168 2532 terram
1183 2457 1267 2553 Dei,
1328 2521 1333 2531 .

207 2576 251 2634 ut
263 2562 320 2634 cui
334 2578 415 2636 non·
430 2560 585 2635 ostendit
598 2562 783 2634 mirabilia
809 2556 968 2632 Christus
987 2572 1104 2631 autem
1122 2552 1166 2631 de
1180 2559 1267 2629 viris

207 2660 389 2755 persedis,
402 2662 462 2754 qui
479 2657 513 2734 se
527 2659 588 2755 ipsi
604 2658 895 2748 conformarunt,
911 2658 1027 2730 dicet:
1054 2654 1191 2731 Omnes
1200 2677 1268 2729 vo

207 2760 365 2834 luntates
383 2780 473 2833 meae
484 2760 522 2829 in
538 2759 590 2831 eis
605 2757 695 2830 sum.
723 2752 771 2828 Et
787 2756 1029 2856 multiplicata
1038 2756 1180 2849 quidem
1189 2753 1270 2829 sunt

207 2856 433 2934 infirmitates
450 2856 598 2944 eorum,
625 2855 692 2945 qui·
703 2876 748 2927 ex
767 2854 932 2949 gentibus
950 2870 1073 2948 erant,
1097 2852 1157 2929 sed
1172 2872 1271 2947 acce·

207 2961 439 3032 leraverunt.
464 2976 530 3052 per
549 2954 793 3050 poenitentiam
815 2950 1069 3045 resipiscentes.
1121 2956 1270 3053 Quaere's

212 3077 321 3145 vero,
334 3076 379 3130 an
398 3057 433 3129 hi
445 3056 547 3148 juxta
561 3056 713 3146 aliquem
728 3051 863 3129 sensum
877 3050 982 3127 sanffl
997 3053 1185 3146 aliquando
1199 3050 1275 3126 fue·
1391 3073 1395 3081 ’

211 3160 285 3231 rint
308 3158 345 3228 in
366 3167 462 3229 terra
477 3155 699 3245 habitantes,
723 3154 927 3247 priusquam
946 3152 1190 3248 multiplicata
1204 3154 1273 3233 snit

212 3257 418 3349 iniquitates
436 3274 586 3344 eorum3
612 3255 672 3328 vel
696 3251 837 3346 quidam
857 3270 982 3327 eorum
998 3254 1100 3329 lsrael
1120 3255 1209 3349 sint,
1236 3254 1274 3327 in

193 3354 341 3449 “quibus
360 3367 462 3426 erant
478 3352 669 3447 aliquando
684 3354 894 3426 voluntates
911 3352 1002 3444 Dei;
1028 3352 1273 3449 velsrcsandii,

210 3457 273 3548 qui
288 3456 325 3528 in
339 3457 431 3527 coelo
446 3450 759 3527 conversationem
772 3453 927 3543 habent,
940 3456 976 3527 in
991 3469 1085 3528 terra
1101 3456 1176 3547 ejus
1191 3473 1272 3527 ver·
1308 3532 1310 3537 ,

212 3554 352 3632 sen'tur.
379 3556 465 3626 licet
482 3554 598 3627 adbuc
615 3554 682 3628 fiat
694 3553 731 3625 in
745 3553 814 3626 hac
826 3548 934 3630 terra.
961 3555 1182 3629 Voluntates
1202 3552 1275 3627 Dei

213 3654 359 3751 singule
376 3649 457 3725 sunt
471 3654 647 3747 virtutes,
667 3667 710 3726 ιιι
722 3653 836 3745 liquet
852 3675 899 3727 ex
916 3654 989 3728 his:
1018 3658 1140 3727 inveni
1163 3653 1275 3727 David

207 3756 320 3850 filium
342 3749 445 3850 Jeffi,
469 3758 579 3825 uirum
590 3754 761 3843 secundum
781 3776 968 3840 cormeum,
995 3761 1052 3853 qui
1063 3755 1276 3845 {uictamne
1315 3750 1320 3763 '

215 3857 402 3927 voluntates
414 3876 505 3927 meas.
533 3852 608 3927 Has
622 3850 789 3927 mirificat
807 3852 908 3927 Deus
925 3854 962 3931 in
977 3853 1098 3930 sandlis
1113 3854 1276 3948 suis,·qui

213 3954 366 4033 melius,
386 3972 489 4042 quam
505 3954 631 4043 reliqui
646 3954 832 4044 homines,
850 3954 1005 4029 virtutes
1021 3972 1203 4031 exercent.
1218 3954 1275 4028 ln·
1375 3960 1378 3967 '

216 4052 505 4146 comparabiliter
522 4054 616 4125 enim
628 4050 1277 4171 fortitudinepraecellebantapostoli,

213 4151 669 4252 prophetae,&martyres,
678 4144 902 4228 continentia
914 4176 1008 4229 uero
1029 4146 1287 4249 loseqb'bassu-
