3075 4875
296 467 374 551 ,N
397 468 598 548 mgnum
620 465 931 566 nncnouuul.
958 467 1090 551 HOM.
1116 468 1144 551 1.
1221 495 1269 573 9³

191 635 321 731 'fiendas
343 636 553 725 excusationes
576 640 615 704 io
631 639 763 728 percotis
782 658 852 704 eum
874 601 1271 730 dominibus'operantibue
1360 685 1363 689 -

207 741 444 835 iniquitatem.'
478 731 529 805 Et
543 736 581 807 in
601 733 806 827 proverbiis
824 732 971 805 dicitur.-
1001 738 1172 829 occasune
1190 742 1270 808 acci.

200 842 254 936 pit
261 834 398 931 piger&
408 836 505 905 dicit:
534 837 599 905 Leo
611 836 650 930 ‘st
664 841 702 903 in
713 840 769 903 vio
777 887 786 920 ,
804 837 969 927 implumis
982 850 1085 905 autem
1098 837 1268 914 homicide.
1351 910 1353 914 ,

204 935 415 1010 Invenimus
443 954 564 1031 ergo,
590 934 679 1005 tales
714 930 783 1005 elle
813 948 1026 1025 peccatores
1062 933 1267 1010 accusantes
1381 941 1383 946 ’

205 1037 332 1109 omnia
344 1035 473 1129 magis,
500 1054 602 1125 quam
612 1030 836 1127 semetipsos,
862 1036 895 1104 de
910 1033 1116 1105 occafiones
1131 1034 1269 1110 sibimet

203 1131 477 1209 excusationum
492 1129 692 1230 fingentes,
710 1153 790 1205 cum
802 1133 945 1204 dicunt:
958 1133 1113 1207 Zabulus
1123 1156 1180 1208 me
1190 1130 1268 1230 sup-

204 1234 407 1328 plantavit,
433 1235 559 1307 mulier
573 1254 630 1306 me
651 1230 816 1324 seduxit,
848 1232 909 1304 ille
931 1232 1016 1306 mihi
1040 1234 1269 1312 occasionem

203 1332 388 1428 praestitit,
414 1347 456 1404 ut
467 1351 675 1425 peccarem,
701 1353 781 1406 cum
799 1332 923 1422 utique
941 1347 1132 1425 oporteret
1146 1336 1268 1409 merni-

204 1432 294 1508 nille
308 1434 479 1526 praecepti
496 1431 665 1505 dicentis:
693 1437 756 1503 Die
774 1449 811 1502 ru
821 1448 947 1527 peccaro
964 1448 1020 1503 tua
1028 1445 1140 1528 prior,
1166 1443 1269 1531 utju·

199 1534 367 1714 (ficerat
406 1531 496 1610 Non
519 1532 613 1604 enim
636 1530 827 1605 emendant
845 1528 1117 1615 excusationes,
1148 1554 1269 1626 neque
1365 1565 1372 1575 ⁸

230 1635 290 1725 ic,
315 1651 432 1721 neque
447 1632 485 1702 in
501 1630 651 1725 futuro,
676 1629 807 1703 simale
820 1630 1021 1707 fecerimus.
1048 1629 1118 1706 Sed
1135 1630 1269 1708 &illud

204 1733 244 1806 in
270 1728 420 1803 excursu
443 1731 657 1825 contingere
675 1727 905 1804 necessarium
925 1730 1080 1807 videtur.
1130 1732 1269 1809 Mirum

206 1833 340 1924 quippe
352 1832 516 1903 continet
527 1827 681 1921 sensum,
709 1831 790 1921 quia
802 1821 1055 1921 scriptumest:
1084 1831 1269 1930 Jufluse'pse

200 1934 258 2022 Jur'
271 1932 482 2022 accusatorflt
496 1936 533 1999 in
549 1935 708 2026 principio
716 1931 870 2019 sermonis
878 1933 954 2021 siti,
981 1950 1061 2002 cum
1076 1943 1196 2005 tamen
1215 1932 1269 2005 in·

202 2030 317 2124 justus
328 2050 405 2103 non
421 2030 463 2101 sit
473 2025 523 2102 sui
538 2028 744 2121 accusator,
770 2027 829 2103 sed
845 2029 1007 2104 aliorum.
1044 2029 1147 2102 Sicut
1159 2030 1270 2105 &Za
1332 2088 1334 2092 -

205 2127 312 2204 bulus
324 2126 508 2203 accusator
526 2129 667 2222 quidem
680 2128 751 2222 est,
779 2127 965 2202 accusator
978 2142 1097 2203 autem
1112 2129 1268 2226 monstri,

184 2230 269 2304 ›sed
283 2229 443 2304 fratrum.
482 2228 628 2304 Interim
645 2250 771 2303 omnes
788 2226 929 2303 necesse
943 2228 994 2302 est
1012 2227 1181 2303 accusari:
1208 2229 1274 2305 sed

206 2329 389 2421 siquidem
399 2327 511 2422 justus
524 2329 650 2410 fuero,
676 2349 752 2402 non
768 2327 959 2424 exspele,
983 2342 1025 2401 ut
1037 2329 1125 2401 alius
1138 2352 1196 2407 me
1211 2349 1269 2404 ac·

208 2426 331 2522 cuset,
355 2427 496 2522 sedipse
511 2430 582 2502 mei
602 2427 788 2504 accusator
804 2427 929 2505 existo'.
981 2429 1128 2503 Plenius
1148 2444 1269 2507 tamen

208 2531 320 2603 velim
337 2527 534 2622 discutere,
562 2531 749 2621 quomodo
763 2528 883 2622 potest
892 2528 1004 2623 justus
1021 2528 1069 2600 sui
1084 2528 1271 2604 accusator

208 2618 291 2704 effe.
343 2627 491 2701 Certum
505 2627 578 2722 est,
604 2631 704 2720 quia,
730 2629 850 2702 donec
865 2628 941 2719 quis
960 2642 1113 2721 peccat,
1140 2630 1271 2725 &per-
1382 2686 1388 2700 ,

205 2738 330 2810 manet
341 2726 378 2801 in
399 2727 555 2822 delidlis,
580 2748 698 2820 neque
713 2727 827 2822 justus
846 2726 919 2821 est,
945 2747 1062 2819 neque
1083 2729 1269 2803 accusator

209 2826 261 2901 est
279 2824 346 2901 sui..
391 2824 482 2900 Non
502 2829 595 2901 enim
615 2827 777 2920 accusat,
810 2829 907 2919 quod
929 2830 1012 2922 agit.
1064 2826 1154 2900 Cum
1172 2846 1267 2901 vero

208 2925 417 3021 poenituerit
432 2948 452 3000 a
471 2925 625 3019 delislis,
651 2941 739 3001 tune
750 2923 862 3019 J'Ustlls
877 2922 1048 3018 efficitur,
1071 2926 1109 2999 ⁷&
1126 2947 1204 3000 non
1221 2929 1269 3002 al·

208 3025 342 3118 terius,
369 3022 427 3099 sed
442 3024 492 3099 sui
507 3025 693 3100 accusator
713 3020 841 3101 existit.

286 3128 342 3200 16.
371 3130 473 3198 Arcus
485 3134 667 3224 potentium
684 3129 868 3218 infirmatus
884 3122 935 3221 eft.
971 3123 1093 3220 Jacula
1109 3124 1269 3222 maligni,
1357 3182 1359 3186 -

210 3244 289 3317 quc
305 3223 472 3299 dicuntur
491 3225 623 3322 ignita,
650 3248 714 3321 per
735 3227 856 3300 arcum
878 3226 1084 3316 potentium
1103 3229 1272 3300 emittun-
1355 3303 1358 3319 ,

210 3339 280 3400 tur.
331 3322 505 3399 Potentes
523 3339 641 3399 autem
658 3330 813 3400 virtutes
833 3325 1001 3398 dicuntur
1021 3322 1198 3419 adverse,
1224 3326 1270 3410 de
1371 3343 1382 3401 f

211 3424 338 3516 quibus
356 3424 514 3516 dicitur,
540 3431 615 3524 quia
640 3453 700 3498 ecce
717 3444 889 3523 peccatores
909 3414 1125 3498 teroaldum
1139 3449 1268 3516 arcum,

209 3522 247 3601 σ
266 3531 305 3594 in
323 3526 385 3621 ipſsa
397 3543 602 3622 paraverunt
617 3527 694 3616 uasa
708 3532 829 3602 mortis.
879 3519 928 3595 Et
945 3525 1095 3600 iterum:
1120 3530 1268 3621 Sagittae
1346 3589 1350 3596 .

206 3622 475 3715 [mordentibus
489 3626 602 3716 „effecta
656 3622 724 3702 Sed
742 3629 776 3699 u
790 3645 887 3700 nunc
904 3624 1054 3718 dicitur,
1081 3627 1162 3718 quia
1174 3653 1268 3699 arcus

245 3731 387 3817 rentium
411 3719 593 3813 infirmatus
608 3725 659 3823 ιβ.
697 3725 732 3798 Si
754 3727 848 3800 enim
866 3737 907 3795 tu
934 3724 1078 3799 indutus
1096 3727 1139 3800 fis
1163 3730 1268 3802 armis
1349 3748 1358 3753 ·

246 3823 298 3917 ei,
323 3820 348 3897 sr
371 3822 474 3898 scuto
493 3817 576 3899 fidei
594 3823 635 3899 lis
651 3827 829 3915 munitus,
855 3824 889 3895 dr
908 3826 1007 3920 galea
1029 3824 1147 3898 salutis
1163 3829 1267 3901 obte-

211 3920 302 4016 stus,
329 3922 493 3997 &lorica
508 3926 708 4012 charitatis,
736 3926 769 3998 δι
784 3923 1265 4019 gladiospirituseccinslus,
1365 3938 1367 3941 ’

211 4041 306 4095 arcus
324 4036 459 4095 contra
473 4038 511 4096 te
527 4023 730 4118 potentium
748 4045 816 4119 pro
833 4024 1061 4097 munimentis
1072 4025 1201 4118 talibus
1213 4025 1267 4098 in·
1376 4060 1378 4065 .

209 4117 415 4201 firmabitis.
442 4119 479 4197 Si
494 4123 772 4220 enimjaculatus
785 4121 895 4200 suerit
911 4118 1147 4304 adversum&
1154 4124 1278 4300 unuin

1135 4244 1215 4330 uuo
1326 4253 1334 4266 ·
