3075 4875
435 347 1131 494 snancrarunsaiuos.
1244 387 1319 508 4'55

249 577 308 653 fas
329 571 407 664 est,
435 575 622 662 vacuitas3
657 574 802 667 quando
824 588 941 648 autem
961 571 1120 647 Christus
1147 575 1317 671 aduenit,
1337 654 1353 669 f

251 677 394 772 plurimi
416 671 538 748 fideles
556 697 599 747 ex
625 677 792 771 gentibus
817 677 937 748 dicere
961 671 1112 768 poffint:
1143 679 1193 746 De
1210 679 1318 771 plent-

253 786 367 847 rumne
388 779 453 872 'ejus
474 799 529 845 nor
553 801 656 844 omnes
680 784 872 872 accepimm3
908 775 941 846 &
972 789 1166 866 propterea
1187 775 1221 848 se
1246 771 1316 850 effe

246 878 328 968 ejus
347 876 614 967 plenitudinem.
665 875 889 967 Non'enim,
917 874 975 964 qui
992 875 1201 968 evangelica
1222 874 1317 966 insti·¹

248 973 395 1047 'tutione
423 975 526 1046 vacui
554 972 654 1066 sunt,
681 975 872 1069 plenitudo·
902 970 1030 1046 Christi
1062 971 1132 1048 effe
1158 972 1314 1068 possunt.

248 1072 340 1149 Non
363 1071 476 1145 sotum
500 1089 617 1148 autem
642 1091 763 1168 terra,
792 1074 1040 1166 &plenitudo
1069 1075 1168 1164 ejus,
1196 1072 1253 1145 sed
1281 1074 1315 1146 δι

248 1174 349 1244 orbis
369 1188 540 1247 tetrarum
559 1175 663 1267 ipsius
681 1175 742 1249 est.
784 1172 969 1263 ,Peccator
992 1174 1128 1245 habitat
1144 1175 1179 1244 in
1200 1172 1316 1245 deser·

249 1285 322 1369 ως
350 1274 410 1361 qui
432 1294 522 1344 vero
549 1276 583 1345 in
608 1276 777 1362 ecclesia,
805 1296 882 1366 qua
902 1271 1107 1348 saniiiffimae
1124 1271 1314 1348 Trinitatis

248 1376 356 1464 piena
371 1370 442 1463 est,
469 1389 737 1464 commoratur,
763 1375 822 1445 hic
842 1376 968 1445 orb'em
987 1386 1162 1474 terrarum
1179 1371 1315 1445 inhabi-

249 1483 325 1560 tat,
351 1491 433 1560 quae·
447 1471 497 1544 est
513 1475 659 1546 ecclesia
673 1473 776 1569 super
798 1475 906 1547 maria
928 1473 1171 1546 tentationum
1194 1492 1213 1544 a
1234 1471 1315 1545 Do·

248 1576 350 1644 mino
364 1569 533 1664 fundata,
554 1573 724 1665 &inipso
742 1572 937 1668 superant,
953 1586 993 1644 ut
1005 1571 1234 1665 postmodum
1247 1592 1315 1664 po·

244 1682 321 1741 tata
335 1674 371 1742 in
387 1669 535 1744 flumine
554 1690 748 1766 praeparata
771 1674 823 1747 srt.

271 1817 276 1826 -
324 1759 412 1862 Quis
431 1773 573 1858 ascendet
591 1780 626 1864 in
651 1791 787 1845 montem
812 1774 968 1856 Domini,
995 1785 1055 1839 aut
1072 1775 1143 1866 quis
1158 1770 1256 1867 flaiit
1275 1774 1313 1843 in

243 1867 308 1942 irco
321 1868 440 1954 santio
452 1867 545 1967 ejus?
569 1875 652 1967 oa]
677 1873 825 1946 Confer
850 1874 926 1945 hac
950 1891 1030 1943 cum
1048 1869 1138 1943 istis:
1179 1876 1313 1943 Domine

244 1987 318 2068 qun
339 1963 497 2040 natitant
520 1979 557 2044 in
584 1975 789 2044 tabernaculo
815 1966 897 2043 ruo?
927 1969 1014 2052 (ὕες
1051 1970 1188 2043 &vide
1212 1971 1311 2045 hune

247 2070 388 2159 quidem
403 2075 449 2142 ibi
467 2073 563 2162 prius
579 2074 820 2148 habitaturum
841 2076 877 2145 in
893 2072 1129 2144 tabernaculo
1145 2071 1310 2163 Domini,

245 2167 375 2242 deinde
397 2186 515 2244 nutem
540 2174 584 2244 in·
601 2165 728 2266 monte
751 2171 870 2245 santio
890 2171 985 2268 ejusg
1018 2170 1077 2242 hic
1098 2189 1189 2242 vero
1210 2172 1309 2262 prius

196 2355 200 2364 Ι
242 2266 464 2368 ascensurum
492 2269 562 2345 eiie
587 2273 622 2346 in
650 2288 812 2346 montem
835 2269 1003 2358 Domini,
1029 2284 1072 2340 ut
1089 2269 1218 2342 deinde
1240 2267 1310 2342 stet
1331 2320 1335 2326 -

242 2367 282 2443 in
303 2365 395 2442 loc'o·
405 2368 522 2467 santio
544 2373 632 2466 ejus.
689 2371 912 2447 iit'montem
929 2369 1071 2462 quidem
1086 2368 1245 2463 Domini
1257 2369 1310 2443 di·
1338 2448 1340 2454 ,

244 2470 296 2540 cit
315 2467 483 2544 summum
508 2475 672 2567 bonum,
694 2474 727 2545 ἃ
749 2473 867 2546 Deum
886 2472 1070 2543 Verbum:
1096 2489 1196 2543 rarus
1214 2470 1309 2543 enirn

240 2565 316 2661 est,
344 2570 403 2661 qui
423 2572 554 2669 jugiter
570 2570 797 2668 proficiendo
817 2573 859 2643 ad
878 2573 953 2663 ejus
974 2572 1150 2643 verticem
1176 2569 1311 2661 pertin·
1374 2600 1379 2619 ⁴

240 2686 328 2763 gere
349 2672 479 2746 ualeat.
530 2666 604 2770 Qui
627 2670 918 2764 vero-perseum
937 2669 1009 2759 est,
1037 2690 1118 2741 cum
1138 2688 1213 2740 non
1229 2665 1311 2759 pos·

240 2766 286 2839 srt
308 2767 458 2841 tendere
478 2770 649 2864 ulterius,
686 2771 753 2855 stat
775 2767 927 2859 firmus,
963 2768 996 2837 ἃ
1020 2779 1176 2839 vocatur
1203 2769 1307 2841 locut

240 2861 379 2937 santius
396 2852 478 2942 Dei.
530 2868 624 2942 Nam
639 2872 697 2961 qui
712 2870 911 2941 Dominum
925 2865 1110 2958 sequitur,
1138 2865 1309 2958 ascendit,

240 2988 310 3061 qua
332 2982 417 3036 retra
440 2973 517 3048 (unt
532 2969 568 3038 ob
581 2971 740 3057 ivifcens,
776 2969 816 3037 ad
835 2992 870 3037 ea
890 2988 991 3052 vera,
1017 2990 1085 3063 qua
1103 2965 1184 3053 fiant
1199 2971 1270 3062 prio
1289 2990 1310 3036 a

239 3069 409 3135 extendens
425 3064 592 3161 seipsum,
618 3066 726 3142 tinem
743 3069 877 3141 habens
899 3068 1058 3155 bonum,
1085 3078 1125 3137 ut
1140 3064 1209 3137 stet
1225 3088 1247 3156 p
1277 3063 1309 3137 st

240 3162 361 3238 Deum
382 3167 527 3240 inloto
548 3166 668 3242 santio
692 3170 781 3260 ejus.
834 3164 985 3340 (imdss
1006 3164 1115 3236 vultis
1136 3186 1180 3239 ex
1195 3164 1304 3239 'faerit

237 3263 420 3359 scripturis
437 3269 639 3363 exemplum
660 3269 819 3350 sumere,
876 3267 943 3339 etit
958 3264 994 3337 in
1012 3266 1099 3336 loco
1115 3261 1307 3339 sanetifica-

236 3365 350 3437 tionis
370 3365 439 3438 Dei
458 3366 636 3460 Moyses,
663 3369 707 3442 ad
729 3388 834 3459 quem
854 3366 966 3439 dixit:
997 3365 1051 3436 'Iu
1072 3388 1147 3435 vero
1169 3370 1232 3434 iiic
1254 3364 1306 3461 sia
1346 3390 1349 3401 ¹
1381 3374 1387 3379 '

236 3487 361 3537 mecum.
413 3465 484 3538 Sed
509 3470 591 3559 quia
612 3466 927 3541 sanctificationem
952 3463 1025 3537 Dei
1050 3464 1206 3558 quatis,
1242 3464 1306 3538 ubi

236 3564 329 3640 stare
345 3579 539 3658 oporteat,
565 3567 758 3662 Propheta
775 3568 920 3647 dicunt:
948 3564 997 3636 Et
1011 3565 1130 3661 statutt
1140 3566 1235 3657 super
1250 3585 1306 3660 pe·

237 3682 326 3738 tran
340 3667 545 3760 pedrinians,
572 3670 742 3759 quoniam
766 3682 859 3761 perra
880 3680 951 3741 erat
973 3664 1128 3758 Christus.
1182 3664 1304 3737 Disca-

233 3783 314 3840 ntus
339 3779 457 3839 autem
477 3767 638 3858 quisnam
657 3767 719 3860 fit,
747 3766 808 3858 qui
829 3763 1073 3860 promiffioues
1095 3762 1301 3858 hujusmodi

232 3862 487 3956 consequatur.

315 3967 468 4036 Innocens
484 3967 631 4038 manibus
644 3965 683 4042 D
698 3966 810 4034 mundo
827 3966 931 4051 corde,
957 3961 1044 4059 Du]
1072 3961 1129 4035 Ad
1146 3962 1302 4031 interro·

231 4060 1300 4239 gationemrespondet,hunc{ffeatiivumitcontemplati-

716 4165 745 4237 F
799 4187 825 4254 4
1044 4224 1047 4229 .
1134 4174 1251 4239 uum.

730 4462 744 4497 δ
