3075 4875
383 351 1093 515 'sunucrnma‘saruoa
1203 383 1293 513 421³·

209 580 361 683 gloriam
369 577 461 673 Dei,
479 578 725 654 intelleiiualis
741 580 822 655 sunt
837 593 992 674 naturae,
1010 579 1136 656 &coeli
1152 581 1276 657 dicun·

210 696 271 756 tur
284 697 498 780 propterea,
525 681 623 772 quod
640 681 676 756 in
691 678 725 760 se
735 680 876 773 justitiae
893 678 1001 754 solem
1014 680 1173 772 habeut3
1192 683 1273 756 coeli

212 783 351 869 autem,
379 782 436 869 qui
449 794 624 872 pereunt,
651 800 865 879 corpoream
885 780 1018 853 babent
1035 777 1271 855 substantiam.

289 881 464 977 Ejusdem]
489 881 621 971 Neque
636 881 851 959 enimterrm
875 899 995 969 neque
1004 879 1049 952 de
1059 895 1273 971 terraterre·

209 1001 277 1056 nus
293 998 459 1052 enarrare
474 980 592 1072 potest
606 981 755 1075 gloriam
774 980 855 1055 Dei.
882 978 975 1053 Nam
994 988 1050 1076 qm·
1062 1006 1101 1050 ex
1115 998 1203 1056 terra
1216 980 1272 1075 esi,

207 1083 248 1152 de
269 1098 355 1150 rura
374 1080 526 1175 loquitur.
581 1076 694 1153 Forte
716 1100 808 1151 vero
830 1073 910 1154 coeli
926 1069 1034 1168 sunt,
1060 1082 1121 1170 qui
1142 1092 1273 1175 gerunt

206 1180 398 1275 imaginem
421 1177 583 1254 celestis.
632 1179 682 1252 Hi
706 1192 873 1252 enarrant
895 1179 1042 1273 gloriam
1065 1178 1144 1254 Dei.
1180 1177 1279 1258 Sunt,
1327 1247 1329 1257 r

208 1294 329 1353 autem
349 1279 453 1351 etiam
472 1280 551 1360 coeli
572 1300 665 1373 opus
682 1300 848 1351 manuum
867 1276 942 1350 Dei.
974 1275 1138 1351 Observa
1156 1276 1272 1380 discri3
1347 1279 1364 1344 J

207 1398 311 1454 men:
338 1378 414 1447 coeli
435 1378 602 1450 dicuntur
624 1378 765 1471 quidem
794 1387 986 1471 enarrare,
1010 1374 1274 1453 firmamentum

203 1495 298 1551 vero
318 1479 543 1555 annunciaret
1102 1511 1106 1522 ·
1191 1546 1195 1557 ,
1256 1531 1261 1542 ·

287 1584 365 1649 Dias
384 1580 446 1648 dici
461 1576 586 1664 erudiar
607 1578 761 1669 uerbum,
786 1574 827 1654 (5
842 1600 907 1647 mx
927 1575 1016 1647 mue·
1034 1579 1155 1647 iudicat
1166 1578 1271 1664 scien·
1376 1663 1378 1668 .

205 1681 307 1762 riam,
330 1674 418 1770 siu]
441 1667 510 1774 sed
526 1677 560 1750 dc
577 1678 633 1768 hi,
653 1679 712 1769 qui
729 1676 1268 1770 contemplatricemvitanram·
1337 1669 1339 1675 ’

204 1775 430 1873 plecluntur²
456 1778 494 1848 in
514 1779 608 1851 coelo
620 1775 881 1865 thesaurizant,
910 1776 942 1848 dt
964 1796 1043 1848 cum
1060 1774 1108 1847 ibi
1125 1797 1190 1846 cor
1212 1776 1270 1848 ba·

205 1878 337 1964 beant,
364 1875 549 1967 censent,
576 1877 635 1967 qui
648 1873 846 1972 praedidam
859 1874 928 1947 Dei
940 1873 1089 1970 gloriam
1104 1887 1271 1964 enarrant

205 1997 274 2073 per
295 1972 511 2068 spiritalium·
520 1994 639 2052 rerum
661 1975 1018 2066 contemplationem.
1057 1975 1129 2068 Qui
1152 1989 1292 2066 autem,¹

206 2074 374 2151 astricem
388 2076 497 2148 vitam
509 2089 636 2170 agunt,
649 2075 674 2146 ii
691 2076 739 2147 ob
751 2072 965 2147 soliditatem
981 2068 1270 2145 suntsirmamen·
1377 2114 1378 2118 =

205 2188 307 2267 tum,
334 2174 367 2247 u
391 2177 609 2247 annunciant
627 2193 739 2267 opera
754 2194 922 2247 manuum
943 2172 1033 2262 Dei,
1053 2171 1135 2244 dum
1157 2189 1271 2261 opera¹
1338 2171 1349 2258 J

204 2274 279 2351 Dei
294 2273 597 2367 exercent‚&ipsr
611 2274 687 2364 ejus
697 2295 808 2365 opera
818 2270 986 2362 existunt.
1013 2269 1094 2343 Diei
1106 2272 1268 2366 cognitio

205 2372 632 2464 cumfitlucida,&alteri
645 2374 770 2448 lucidae
783 2372 985 2469 cognitioni
1002 2390 1176 2466 congrua,
1189 2391 1269 2445 eru·.
1363 2449 1369 2458 ,

206 2475 278 2549 ciat
291 2476 459 2548 verbum:
487 2472 785 2567 quemadmodum
801 2472 972 2564 scriptura
985 2485 1092 2543 vetus
1109 2468 1281 2566 spiritali·'

204 2576 275 2648 bus
286 2572 419 2647 referta
432 2575 539 2665 cibis,
555 2572 599 2649 de
612 2572 834 2668 plenitudine
849 2570 1104 2659 succindens,
1131 2572 1268 2664 praebet

204 2677 320 2746 verba
338 2695 443 2745 novo
456 2671 703 2748 Testamento.
725 2672 818 2747 Nox
831 2691 947 2760 veto,
968 2668 1266 2760 quaeestprolun·
1343 2682 1370 2724 -’

202 2773 338 2847 disbma
351 2792 469 2843 rerum
486 2790 692 2847 arcanarum
707 2767 1000 2861 comprehensim
1018 2769 1060 2838 ad
1078 2769 1178 2840 aliam
1196 2787 1266 2839 noa

205 2868 460 2947 obscuritatem
488 2868 645 2946 adducit.
673 2869 799 2950 *Hanc
819 2864 1177 2958 comprehensionem
1197 2865 1268 2941 Dei

203 2968 345 3061 spiritus
360 2969 560 3060 tribuitis,
588 2969 649 3061 qui
663 2965 776 3059 ipsum
789 2965 933 3039 babent.
971 2963 1161 3037 Hicetiam
1183 2984 1265 3058 pro
1310 2959 1315 2974 ’

203 3067 316 3146 funda
325 3068 392 3141 Dei
402 3066 586 3141 scrutatur.
607 3065 784 3143 Caeterum
795 3064 940 3157 loquela
950 3061 1168 3134 sermonibus
1180 3083 1266 3155 prar-

202 3167 560 3259 mittitur‚sermones
574 3179 691 3240 autem
705 3164 885 3238 scientiam
898 3163 1092 3248 adducunt,
1106 3162 1188 3235 dum
1205 3183 1265 3234 ex·
1317 3247 1319 3262 Ι
1355 3252 1358 3260 Ι

200 3268 330 3343 hibent
352 3262 686 3340 demonstrationes.
719 3265 925 3355 Utrumque
940 3277 1093 3334 autema
1114 3261 1196 3334 Deo
1214 3260 1268 3333 di·.
1354 3347 1359 3352 .

202 3367 298 3441 cium
315 3366 387 3458 est,
405 3381 444 3438 ut
458 3367 655 3441 audiantur.
684 3367 919 3465 Quapropter
935 3362 1032 3435 nulla
1044 3359 1198 3452 superest
1212 3363 1264 3434 in·
1301 3448 1303 3454 y

200 3466 356 3562 credulis
374 3465 566 3541 excusatio.
601 3465 739 3541 Sonum
755 3463 921 3555 capiunt,
946 3461 1159 3552 quicumque
1183 3457 1264 3533 sunt
1299 3473 1301 3477 '

201 3582 299 3639 terra
314 3564 432 3639 semini
444 3582 546 3661 apta,
562 3566 599 3639 id
614 3565 685 3656 est,
701 3564 829 3638 literali
845 3559 1024 3652 scripturae
1037 3555 1159 3636 sensui.
1186 3559 1261 3659 Qui
1296 3559 1298 3563 ’

201 3684 296 3738 vero
313 3666 364 3737 bis
383 3662 583 3756 superiores
601 3665 700 3755 sunt,
724 3659 858 3736 &fines
872 3660 1116 3752 appellantur,
1136 3671 1260 3750 aperte

201 3765 228 3838 ii
246 3764 374 3837 eruditi
398 3763 585 3857 suscipiunt
601 3766 732 3838 verba:
758 3760 984 3851 nequeenim
1005 3754 1132 3832 sonum
1146 3755 1260 3830 solutu

199 3864 345 3938 auribus
359 3867 522 3957 percepit
535 3863 683 3956 Petrus,
709 3882 789 3934 cum
809 3859 916 3931 dixit:
949 3862 1053 3930 Verba
1069 3863 1147 3926 vira
1170 3872 1259 3926 ater·

198 3965 363 4038 nadaber.
390 3962 438 4034 Et
453 3965 621 4037 Salvator
636 3964 701 4035 ait:
732 3961 846 4043 Verba,
862 3978 930 4053 quaa
944 3958 1066 4026 locutus
1073 3955 1144 4042 sum
1157 3954 1257 4041 vobis,
1354 3964 1357 3975 '

190 4067 331 4160 sirirur
345 4060 433 4148 sunt.
470 4063 625 4135 Dicebat
639 4063 730 4137 enim
746 4060 822 4132 hoc
840 4054 1047 4152 Apostolis,
1074 4055 1134 4148 qui
1158 4068 1259 4128 erant
1297 4053 1299 4058 ’

253 4165 403 4259 esorbia
420 4176 611 4267 terrarum..
781 4155 902 4251 Dd3
1126 4155 1225 4238 Nou·
1324 4171 1327 4179 ¹
