3075 4875
213 403 218 427 '
395 411 1095 574 stet-craturs'ntuo's}
1203 483 1275 561 471

214 621 334 716 enim,
359 621 496 717 inquit,
520 625 706 709 volueritis,
730 620 769 700 (i
792 627 961 695 audieritis
980 650 1049 712 me,
1082 624 1161 705 bona
1183 614 1286 698 terra⁸

216 726 388 794 comedetis.
423 726 464 793 Si
476 744 580 796 aurem
601 727 773 830 noltefritir
795 749 850 796 nec
870 726 1139 816 audieritisme,
1153 727 1277 815 gladius

214 848 272 895 vos
284 826 433 910 comedet,
455 849 488 896 or
502 830 586 895 enim
602 829 738 897 Domini
751 825 912 921 loquetura
926 824 965 921 est
979 825 1045 921 isia.
1082 823 1190 898 ‘Nam
1201 826 1277 914 hoc

156 968 162 974 -
213 924 306 1000 loco
317 924 446 994 comedet
466 945 533 1016 pro
558 925 920 1019 interficiet-ponitur:
947 924 1082 1019 gladius
1103 925 1197 998 enim
1214 946 1276 999 na·

216 1038 298 1094 tura
312 1042 388 1094 non
404 1038 506 1116 aptus
524 1024 574 1098 est
592 1026 635 1096 ad
648 1024 941 1106 comedendum..
978 1024 1050 1099 Vel
1067 1043 1277 1099 carnesbo-

212 1120 301 1197 stras
316 1122 482 1195 dicuntur
500 1124 680 1198 daemones
698 1124 910 1215 comedere,
932 1124 1007 1198 hoc
1021 1123 1093 1215 est,
1114 1146 1178 1215 ea,
1197 1145 1276 1215 qua

214 1243 262 1295 ex
275 1243 381 1294 carne
397 1221 605 1306 nascuntur,
650 1224 829 1321 Manifesta
840 1241 944 1296 aurem
952 1226 1133 1318 sunropera
1149 1228 1275 1318 carnis,

214 1321 331 1412 inquit
347 1319 481 1414 sandius
502 1322 725 1417 ApostoluS,
752 1351 820 1421 qeae
829 1324 911 1412 sent
929 1325 1103 1407 adulteria,
1119 1324 1276 1415 ..fornico-
1337 1346 1339 1349 ’

213 1425 339 1508 tiones,
361 1425 581 1517 impudicitia,
611 1426 812 1512 idololotria,
839 1424 967 1517 &quae
981 1423 1185 1518 sequuntur.

292 1520 329 1594 Si
339 1522 502 1619 confiflant
519 1526 681 1612 adverlum
695 1551 741 1596 me
753 1526 862 1621 castra,
874 1550 940 1595 mn
958 1526 1080 1595 timebit
1095 1551 1146 1595 cor
1161 1547 1273 1611 meum,

211 1617 297 1715 Ue]
335 1618 456 1704 Castra
480 1624 556 1704 haec
578 1622 659 1697 sunt
679 1625 882 1717 ejusmodi,
917 1625 1029 1717 qualis
1052 1638 1128 1696 erat
1148 1622 1272 1718 legio,
1357 1712 1359 1716 ι

211 1742 291 1812 quae
304 1721 341 1792 in
359 1712 551 1814 sepulchris
573 1728 792 1800 morabatur.
843 1722 893 1798 Et
906 1723 1004 1802 forte
1026 1722 1193 1805 luriunt
1216 1742 1273 1800 ca·,

209 1819 281 1895 stra
304 1818 597 1899 adversariorum.
637 1824 725 1918 'Cor
743 1840 890 1916 autern,
921 1824 957 1897 id
981 1820 1059 1913 est,
1093 1824 1273 1916 praecipua

163 1911 167 1922 '
211 1919 336 1991 animae
352 1941 456 2012 pars,
481 1926 742 2018 nontimebit,
770 1921 1149 2017 quoniamprudentia
1165 1919 1271 2015 ipsius
1318 1983 1320 1989 .

209 2017 417 2098 inimicaest
434 2020 538 2116 Dec,
565 2026 792 2116 nequeenim
816 2024 886 2120 legi
905 2023 975 2095 Dei
992 2019 1185 2113 subjeetum
1208 2018 1270 2094 est.
1321 2111 1324 2124 1

166 2129 171 2138 “
208 2122 252 2190 Si
267 2119 410 2213 exsurgat
422 2123 587 2207 adversum
598 2150 643 2195 me
652 2129 796 2222 prelium
807 2124 872 2202 (ic.
899 2121 1103 2196 Secundum
1115 2121 1188 2194 hoc
1201 2122 1272 2192 ala·

209 2218 333 2292 crisin
353 2220 465 2294 corde
484 2219 560 2314 spes
579 2225 660 2298 data
680 2222 740 2299 est.
1307 2245 1310 2251 '

285 2319 461 2415 Ejusdem]
488 2324 562 2421 Qui
580 2326 692 2399 vitam
709 2320 858 2397 adivam
875 2322 1053 2415 sequitur,
1079 2320 1108 2391 is
1128 2317 1270 2391 virtuti·
1380 2329 1385 2342 “

205 2418 276 2494 bus
289 2415 356 2492 suis
370 2418 501 2496 bellum
514 2441 616 2520 gerat
628 2423 947 2520 cumalienigenis;
974 2420 1166 2515 quiautem
1181 2439 1271 2501 con-

206 2520 476 2614 templativam,
502 2525 530 2597 ie
550 2528 645 2600 veris
663 2527 887 2623 dogmatibus
903 2539 1030 2614 utens,
1056 2541 1200 2594 omnem
1222 2519 1272 2626 ab·
1302 2618 1304 2625 Ι

207 2619 419 2712 titudinem,
446 2641 674 2713 que-contra
693 2625 763 2699 Dei
788 2626 1036 2720 cognitionem
1057 2622 1271 2713 extollitur,

206 2717 368 2792 destruit.
420 2718 625 2803 corautem
639 2720 1269 2824 vocatpraecipuamanirnaepartem,-

207 2838 287 2909 quae
303 2837 379 2889 non
395 2818 547 2895 timebit.
585 2821 697 2895 Forte
709 2822 803 2894 enim
816 2817 994 2893 infirmata
1006 2838 1092 2892 caro
1107 2816 1266 2907 timebit,
1347 2858 1362 2921 .'

205 2915 376 3008 quoniam
397 2918 472 3009 ejus
488 2916 658 3012 sapientia
676 2920 820 2995 inimica
832 2913 883 2994 est
900 2918 1008 3008 De03
1034 2915 1270 3010 nequeenim

203 3017 278 3114 legi
292 3015 363 3090 Dei
377 3014 571 3110 subjicitur.
807 3088 812 3097 ,
901 3028 908 3039 ·
1149 3064 1154 3083 ·
1276 3024 1280 3029 '
1334 3041 1337 3045 ’

235 3135 239 3138 “
282 3114 462 3212 Ejusdem]
490 3122 530 3190 Si
549 3118 695 3213 exsurgat
712 3119 881 3208 adverfiem
899 3142 947 3189 me
968 3117 1140 3209 pralium,
1156 3119 1193 3185 in
1210 3114 1268 3184 boc
1333 3139 1339 3154 ‘

204 3241 255 3310 ego
269 3212 413 3312 sperabo,
438 3215 522 3314 da]
548 3219 591 3294 In
604 3219 716 3293 corde
735 3221 910 3295 nimirum.
942 3216 1197 3290 illuminatum
1215 3211 1268 3289 est

206 3317 302 3390 enim
322 3316 397 3389 hoc
412 3320 569 3414 auxilio,
595 3319 692 3413 quod
711 3322 881 3414 expertus
897 3316 991 3410 sum,
1017 3317 1114 3390 unde
1132 3335 1199 3389 nec
1217 3314 1266 3387 al·
1302 3398 1308 3405 ⁵

204 3430 322 3493 terum
348 3419 522 3510 majorem
541 3421 767 3495 ·inimicorum
794 3419 990 3494 exercitum
1014 3417 1155 3510 time0,
1182 3435 1270 3511 curu-

188 3517 380 3608 ejusmodi
395 3540 453 3592 me
472 3521 637 3613 auxilium
651 3532 830 3617 protegat
1064 3579 1066 3584 .

290 3620 394 3707 Unam
407 3625 491 3715 petii
509 3647 529 3690 a
548 3624 704 3706 Domino,
729 3622 813 3692 hanc
826 3623 1013 3717 requirnnt,
1032 3633 1070 3724 “i
1083 3613 1263 3687 'inhabitem
1283 3656 1287 3661 ·

205 3719 246 3786 in
260 3719 344 3788 domo
367 3722 499 3790 Domini
514 3720 773 3801 cornibus'diebus
794 3725 874 3792 vite
885 3745 976 3793 mee:
1003 3720 1185 3795 utoideom
1205 3736 1267 3784 tae*¹
1309 3724 1311 3733 '

203 3816 358 3914 luptatem
381 3823 532 3903 Domini,
557 3819 597 3899 ὅ
614 3823 737 3921 visitem
753 3821 899 3919 templum
915 3824 1007 3916 ejus:
1038 3823 1187 3916 quoniam
1206 3811 1261 3883 ab·

197 3917 324 4010 stendit
342 3943 388 3991 me
409 3925 448 3990 in
460 3924 660 4010 tabernaculo
667 3929 724 4012 suo
741 3927 779 3994 iu
797 3924 847 3993 die
864 3924 1037 4004 malorum,
1060 3919 1268 4011 protexitme.

203 4027 243 4090 in
262 4020 438 4108 abscondito
455 4022 729 4112 taberoaculisei:
754 4027 793 4093 in
810 4038 900 4106 tetra
912 4022 1151 4101 exaltabiture,
1171 4014 1269 4106 die}
1340 4018 1347 4030 '

202 4119 431 4217 Didicimus,
465 4123 611 4205 domum
630 4123 781 4200 Domini
804 4121 876 4197 dici
900 4119 1082 4197 ecelefiam
1110 4115 1180 4187 Dei
1207 4113 1260 4185 vi·

678 4219 720 4296 ‘G
732 4242 806 4323 μ
1088 4216 1218 4288 *tentiis
