3075 4875
270 487 293 562 a
442 469 446 476 ·
566 447 1003 558 'oxr'onnis

272 640 442 739 scriptum
467 641 541 717 est:
570 645 670 733 Lux,
695 642 833 735 inquit,
859 643 952 743 justis
972 644 1121 739 semper,
1146 643 1206 716 lux
1227 658 1333 716 antem

270 750 436 844 impinum
454 749 665 838 extinguetur.
692 767 695 774 ⁴
721 741 836 818 Vides
859 765 948 840 ergo
965 745 1088 838 ,quia
1111 741 1162 817 est
1184 745 1334 838 proptia

274 845 433 939 quaedam
455 846 519 917 lux
538 844 752 938 impiorum,
779 863 856 936 quae
873 844 1118 942 extinguitur,
1137 843 1179 914 a
1196 845 1259 916 lux
1280 845 1336 935 ju-

273 943 431 1036 storum,
466 965 543 1036 quae
566 943 806 1039 permanet'in
826 957 1009 1019 eternum.
1059 942 1109 1014 Et
1130 941 1257 1022 ,nescio
1273 943 1338 1034 ,n

239 1053 241 1057 ‘
274 1057 349 1121 tam
365 1045 490 1137 inepte
505 1041 584 1135 q'uis
597 1044 795 1139 intelligat,
821 1057 863 1116 ut
880 1058 984 1141 putet
1001 1041 1071 1116 elle
1088 1043 1240 1143 aliquam
1260 1042 1340 1115 sub·

262 1144 472 1220 nannetem
490 1144 605 1216 lucem
630 1146 755 1235 aliam,
791 1163 868 1234 quae
890 1144 1080 1236 impiorum
1106 1141 1272 1233 dicatur,
1303 1141 1338 1213 it

275 1245 401 1338 aliam,
428 1262 505 1334 quae
516 1241 703 1335 justorum.
745 1242 858 1340 Quod
875 1244 1001 1333 utique
1015 1243 1115 1313 nullo
1131 1241 1244 1324 modo
1258 1237 1339 1315 fieri

274 1342 408 1440 potest.
460 1342 542 1414 Una
564 1345 659 1417 enim
684 1341 735 1415 eil
755 1345 817 1426 lux
833 1344 956 1416 mundi
973 1365 992 1415 a
1013 1341 1098 1413 Deo
1119 1339 1234 1431 faita,
1260 1362 1338 1432 quan

276 1445 446 1517 omnibus
471 1442 766 1515 communiter&
790 1444 970 1531 aeqttaliter
995 1442 1103 1516 lucet.
1167 1439 1238 1512 Sed
1264 1442 1340 1512 hoe

275 1542 413 1635 modo,
439 1542 536 1633 quod
552 1539 709 1633 superius
724 1541 970 1634 exposuimus,
991 1540 1260 1635 intelligendum
1276 1539 1342 1634 est,

173 1726 176 1730 ¹
278 1642 379 1733 quod
395 1643 509 1714 anima
524 1640 645 1713 nostra
655 1654 716 1713 aut
730 1662 823 1714 vero
838 1642 972 1714 lumine
982 1640 1222 1730 illuminatur,
1240 1641 1341 1729 quod

276 1739 460 1832 nunquam
483 1742 738 1835 extinguetur,
774 1743 834 1832 qui
859 1739 909 1814 est
931 1740 1109 1813 Christus:
1143 1751 1204 1809 aut
1223 1738 1247 1812 fi
1264 1760 1342 1813 non

276 1841 389 1917 habet
403 1842 439 1914 in
460 1840 601 1913 seistud
620 1837 761 1924 lumen,
787 1839 885 1932 quod
911 1854 1081 1912 aeternum
1101 1836 1172 1934 est,
1199 1849 1343 1931 tempo-

275 1942 345 2014 rali
370 1940 445 2013 stne
466 1941 578 2014 dubio
603 1940 636 2013 ἃ
657 1941 879 2037 extinguibili
898 1941 1030 2013 lumine
1054 1939 1271 2010 illuminatur
1298 1941 1343 2011 ab

165 2125 169 2134 ¹
244 2123 247 2134 ¹
276 2041 376 2132 illo,
413 2042 472 2132 qui
495 2038 724 2136 transfigurat
753 2038 841 2114 sein
864 2038 1047 2136 Angelum
1068 2038 1178 2127 lucis,
1205 2035 1345 2112 &falsa

278 2140 367 2213 luce
381 2138 556 2211 illuminat
570 2158 636 2209 cor
651 2140 876 2234 peccatoris,
895 2154 937 2213 ut
950 2140 1141 2240 videantur
1157 2139 1189 2208 ei
1205 2137 1347 2213 illaeise

278 2240 400 2329 bona,
419 2238 654 2330 &praeclara,
673 2259 749 2328 quae
764 2236 1037 2333 suntpraesentia
1051 2238 1085 2309 ui
1099 2236 1242 2309 caduca.
1270 2236 1345 2311 Isto

211 2425 215 2437 ¹
278 2338 417 2412 lumine
437 2331 677 2411 illuminantur
694 2338 766 2428 illi,
794 2340 853 2431 qui
871 2336 1197 2412 summum-bonurn
1214 2339 1347 2431 volup·
1380 2385 1386 2392 -

254 2451 259 2457 ’
280 2452 397 2510 tatem
415 2450 554 2533 putant.
606 2436 678 2511 Isto
701 2438 835 2512 lumine
854 2439 1097 2515 illuminantur
1114 2436 1187 2528 illi,
1217 2439 1277 2528 qui
1297 2438 1348 2510 di·

281 2539 392 2611 vitias
411 2536 619 2610 &honores
641 2536 806 2612 saeculi&
828 2552 1006 2612 terrenam
1025 2538 1172 2634 gloriam
1192 2538 1286 2626 quast
1304 2560 1348 2610 ae·

196 2681 197 2685 =
281 2637 464 2709 ternitatls
484 2638 692 2711 memoriam
709 2652 882 2730 quaerunt.
935 2636 1026 2710 Sunt
1042 2651 1130 2737 ergo
1145 2634 1198 2708 isti
1218 2639 1255 2709 in
1277 2637 1349 2709 die·

236 2816 242 2837 ρ
282 2737 354 2811 bns
374 2736 463 2809 lucis
480 2736 576 2828 ejus,
604 2757 680 2827 quae
699 2739 940 2834 extinguetur.
993 2736 1123 2811 Omnia
1145 2735 1243 2828 haec,
1271 2759 1375 2831 qua,

192 2924 193 2932 ἵ
234 2842 238 2853 ’
283 2849 425 2933 agunt,
451 2834 486 2908 δι
509 2856 585 2926 quae
602 2836 800 2911 desiderant
820 2839 854 2910 δι
873 2838 1049 2930 cupiunt,
1071 2836 1351 2933 extinguuntur.

282 2933 373 3010 Hoc
401 2936 535 3009 lumine
560 2936 859 3023 illuminantur&
880 2936 1068 3028 haeretici,
1093 2934 1166 3008 falls
1187 2938 1352 3009 „nominis

283 3035 468 3108 seientiam
491 3035 736 3128 predicantes.
774 3035 891 3110 'Hinc
917 3037 1085 3109 Marcion
1114 3037 1352 3129 illuminatus,

225 3189 231 3200 ,
283 3128 405 3209 Deum
430 3135 517 3228 legis
538 3133 695 3227 justum,
722 3134 872 3209 sednon
895 3138 1031 3210 bonurn
1055 3135 1153 3213 dicit.
1203 3135 1240 3208 Si
1260 3156 1367 3230 ergo.

282 3234 382 3306 reiis
402 3234 670 3326 intelleximus,
698 3236 758 3326 qui
779 3236 876 3329 sint,
909 3237 968 3326 qui
995 3257 1015 3307 a
1039 3234 1202 3308 Domino
1225 3235 1351 3309 nostro

282 3331 365 3422 Jesu
374 3329 516 3404 Christo
530 3352 624 3403 vero
634 3333 1042 3426 lumineilluminantur,
1061 3334 1162 3425 &qui
1178 3335 1246 3408 sint
1261 3334 1351 3428 dies,

175 3439 177 3445 '
285 3431 347 3523 qui
367 3434 410 3503 ab
429 3432 494 3502 illo
509 3432 778 3524 illuminantur,
805 3436 862 3527 qui
879 3433 913 3507 se
930 3431 1157 3532 transfigurat
1171 3434 1209 3507 in
1232 3436 1364 3530 Ange·

283 3533 360 3605 lum
376 3529 487 3622 lueis,
516 3533 549 3601 ἂ
565 3532 665 3631 eujus
685 3532 806 3606 lumen
825 3535 1071 3630 extinguitur,
1098 3547 1353 3629 competenter

284 3630 489 3724 intelligere
503 3627 684 3725 poliumus
700 3634 813 3706 etiam·
823 3632 908 3706 istos
927 3633 1008 3729 Jesu
1020 3632 1192 3724 Domini,
1220 3634 1264 3705 de
1280 3634 1357 3725 qui·

170 3784 172 3788 ν
285 3730 354 3802 bus
376 3729 528 3822 dicitur,
555 3724 653 3821 quod
670 3732 815 3816 *servivit
825 3735 954 3831 populus
971 3731 1111 3821 Domino
1128 3733 1266 3803 omnibus
1288 3736 1357 3804 die·

287 3829 346 3897 bus
371 3829 474 3921 Jesu:
502 3844 640 3904 certum
668 3853 820 3922 namque
845 3828 918 3923 est,
948 3833 1069 3926 quud,
1104 3836 1163 3924 qui
1185 3834 1292 3906 habet
1315 3835 1354 3907 in
1376 3893 1378 3897 .

284 3928 325 4009 ,se
343 3926 418 3999 dies
438 3926 547 4020 Jesu,
575 3927 707 4005 serviat
728 3932 919 4004 Domino:
955 3954 1023 4005 nec
1043 3931 1120 4005 fieri
1142 3932 1284 4025 potest,
1312 3947 1355 4005 ut

287 4027 425 4101 habens
442 4026 477 4099 in
494 4026 530 4100 se
550 4028 674 4119 aliquis
696 4030 771 4102 dies
788 4031 868 4124 Jesu
888 4031 922 4104 δι
941 4033 1061 4106 lumen
1080 4031 1207 4105 Christi
1223 4031 1357 4107 serviat

185 4136 188 4141 ’
288 4126 452 4224 Zabulo,
476 4141 539 4202 ant
557 4125 687 4203 serviat
706 4133 880 4213 avaritie:
910 4153 979 4208 nec
994 4131 1115 4228 potest
1134 4130 1236 4223 fieri,
1262 4147 1304 4205 ut
1317 4134 1358 4207 il·

198 4233 216 4256 ¹
868 4270 870 4275 ·
1153 4232 1304 4307 lumine·
