3075 4875
332 331 346 374 s

283 415 338 494 u
613 402 1055 522 ou1onu1s
1146 441 1162 454 ‚,

288 589 363 665 que
382 587 533 663 aurum,
559 590 678 661 neque
698 585 914 666 argentum,
938 590 1057 663 neque
1081 570 1254 664 voluptas
1282 574 1355 646 car'·

289 674 368 763 nis,
395 691 513 761 neque
529 671 643 766 gloria
657 670 793 763 sacculi,
821 671 856 743 δι’
878 671 1290 763 caducautemporalis
1306 674 1356 745 di-

290 773 429 870 gnitas,
457 771 518 841 vel
535 770 669 843 deliciae
685 772 915 864 corporales,
942 792 1060 863 neque
1074 772 1273 843 liberorum
1294 773 1355 845 vel

292 872 456 967 conjugis
474 873 585 967 gratia
607 874 745 964 poterit
769 891 838 943 nos
859 870 1019 963 separare
1037 893 1056 943 a
1080 872 1253 944 charitate
1273 872 1354 946 Dei.

213 1019 216 1030 ·
291 970 404 1044 Certe
427 971 489 1042 vel
505 972 592 1043 illud
607 971 714 1044 liceat
736 971 880 1043 anobis
896 968 1123 1043 confidenter
1148 972 1245 1063 dici,
1274 975 1355 1062 quia

289 1092 410 1163 neque
430 1068 604 1143 saecularis
623 1072 816 1143 literatura
835 1091 958 1163 amor,
985 1092 1102 1161 neque
1116 1069 1355 1163 Plrilosopho·
1386 1117 1393 1198 l

289 1190 371 1244 rum
396 1168 629 1263 sophismata,
663 1192 781 1262 neque
805 1171 1139 1246 mathematicorum
1169 1171 1390 1264 deceptio-4

289 1292 356 1347 nes
374 1273 406 1343 u
422 1269 595 1354 astrorum
614 1271 763 1343 simulati
788 1273 937 1364 cursus,
973 1291 1090 1361 neque
1110 1270 1354 1344 divinationes
1388 1265 1392 1294 ¹

289 1370 503 1465 subreptitia
523 1372 724 1444 daemonum
751 1369 891 1444 fallacia
917 1370 1200 1462 commendata,
1236 1381 1354 1462 neque

290 1474 386 1544 ullus
410 1472 561 1544 omnino
581 1468 810 1563 praescientiae
833 1491 933 1544 amor
953 1492 1018 1564 per
1033 1493 1095 1562 ea,
1122 1492 1199 1560 quae
1216 1491 1294 1543 non
1317 1472 1355 1541 li·
1390 1513 1392 1550 2

289 1585 373 1662 cet,
400 1568 571 1661 inquisitae
594 1572 731 1662 poterit
750 1592 819 1644 nos
843 1574 1003 1664 separare
1028 1593 1046 1641 a
1068 1572 1242 1643 charitate
1263 1572 1353 1664 Dei,
1390 1629 1392 1656 2

292 1692 370 1762 quae
389 1670 440 1743 est
454 1673 490 1742 in
511 1668 652 1743 Christo
668 1669 749 1765 lesu
761 1671 926 1744 Domino
943 1670 1079 1743 nostru.
1131 1670 1190 1742 An
1208 1690 1287 1743 non
1299 1686 1355 1742 to·
1388 1671 1392 1682 '

266 1855 268 1864 y
289 1774 362 1843 tius
374 1769 582 1867 gentilitatis
598 1788 700 1843 error
714 1771 797 1844 hinc
812 1771 950 1865 accepit
964 1769 1171 1861 exordium,
1197 1771 1281 1843 dum
1294 1792 1354 1861 ea,

290 1893 370 1965 qua
389 1873 539 1945 multum
561 1871 713 1968 diligunt
727 1872 915 1964 homines,
941 1869 1030 1946 deos
1051 1868 1120 1941 elle
1137 1873 1295 1963 volunt,
1321 1871 1354 1943 dt
1391 1901 1392 1906 ¹

288 1973 452 2048 humanis
470 1971 668 2061 quibusque
685 1970 782 2044 uitiis
799 1972 832 2043 &
849 1970 1101 2063 cupiditatibus
1120 1967 1356 2045 divinumno·

288 2093 374 2148 men
392 2069 620 2144 adscribunt?
654 2068 819 2142 Pecuniae
836 2088 988 2161 namque
1006 2070 1148 2162 cupidi,
1182 2068 1216 2141 &
1240 2072 1353 2144 auari-

288 2173 348 2243 tiae
371 2181 493 2254 amore
514 2169 703 2263 flagrantes
729 2167 975 2243 Mammonem
1006 2171 1147 2262 quidem
1173 2170 1267 2261 apud
1291 2170 1354 2262 Sy·

270 2285 352 2343 ¹ros
379 2270 499 2341 Deum
519 2266 722 2359 cupiditatis
741 2269 837 2341 istius
861 2271 1009 2363 dicunt,
1046 2251 1203 2341 libidinis
1228 2268 1263 2342 u
1286 2289 1354 2342 vo·
1378 2299 1383 2312 ·

160 2393 163 2399 ·
288 2368 436 2463 luptatis
451 2381 629 2443 amatores
643 2369 828 2443 Venerem
848 2368 948 2444 deam
964 2370 1026 2443 sibi
1039 2369 1119 2441 vitii
1131 2367 1258 2465 hujus,
1281 2387 1353 2462 quo

291 2472 491 2566 agitantur,
519 2467 731 2544 adscribunt.
786 2470 954 2543 Similiter
979 2471 1012 2542 u
1035 2471 1072 2541 in
1097 2469 1234 2542 caeteris
1256 2470 1352 2542 vitiis

220 2563 223 2568 ’
288 2572 386 2663 hunc
409 2568 543 2662 ipsum,
570 2590 642 2660 quo
662 2584 861 2666 urgentur,
896 2568 1061 2643 affectum
1081 2568 1201 2643 Deum
1220 2570 1284 2641 libi
1302 2568 1353 2642 fu·

290 2683 431 2744 cerunt.
480 2666 848 2762 Undeunpostolus
867 2671 990 2754 eadem
1009 2669 1106 2745 dicit.
1158 2667 1225 2741 Ait
1237 2670 1349 2742 enim:

291 2772 341 2843 Et
355 2775 501 2840 avaritia
520 2771 599 2865 quod
613 2769 652 2865 efl
667 2772 816 2840 idolorum
835 2771 951 2842 tultus.
1004 2769 1117 2842 Vides
1134 2789 1244 2865 erg0‚
1273 2770 1353 2860 quia

263 2910 266 2915 ,
288 2864 492 2944 nonsolum
511 2866 660 2942 adorare
673 2864 917 2962 simulacrum,
944 2865 1002 2942 sed
1018 2869 1099 2959 quia
1113 2869 1272 2941 avaritia
1286 2867 1354 2941 stu·

289 2969 399 3062 dere,
426 2968 608 3043 idolorum
624 2972 740 3042 cultus
753 2971 786 3044 ἃ
799 2968 952 3043 servitus
973 2982 1169 3060 reputatur.
1202 2967 1281 3045 ‘Sic
1302 2987 1354 3041 er·

281 3082 339 3167 'go
357 3069 391 3142 dt
406 3087 504 3162 noa,
532 3086 613 3141 cum
635 3069 807 3175 aliquipus
826 3069 924 3142 vitiis
946 3071 995 3143 ita
1018 3066 1127 3140 dediti
1148 3066 1287 3160 sumus,
1312 3078 1369 3141 ut.

290 3192 333 3243 ea
350 3189 395 3241 ex
415 3182 500 3240 toto
525 3167 657 3261 corde,
672 3170 719 3241 'dt
736 3190 781 3242 ex
799 3181 879 3242 tota
901 3168 1043 3259 anima,
1071 3180 1179 3259 atque
1200 3186 1246 3240 ex
1263 3167 1353 3239 totis

256 3324 258 3329 <
289 3268 429 3340 viribus
449 3267 653 3361 diligamus,
685 3266 836 3362 adorare
852 3264 950 3342 idola
970 3269 1004 3342 δι
1025 3264 1147 3358 abiilie
1160 3268 1242 3361 post
1265 3265 1354 3340 deos

289 3369 428 3442 alienos
449 3367 609 3441 dicimur.
870 3402 875 3413 ·
1067 3452 1069 3456 y
1304 3400 1306 3405 ·

368 3490 403 3558 4.
432 3468 737 3556 Et'adoravrrunt,
770 3466 910 3562 inquit,
937 3469 1006 3539 deos
1029 3464 1167 3555 alienor,
1192 3467 1262 3537 deos
1280 3472 1376 3561 gen-³

290 3567 401 3653 tium,
426 3590 494 3664 quae
516 3572 553 3636 r'u
577 3572 711 3638 circuitu
729 3570 863 3660 ipsorum
885 3585 1007 3654 erunt,
1033 3564 1074 3643 (¹5
1095 3568 1135 3637 ad
1156 3571 1369 3667 iracundian,

289 3673 537 3737 concitauerunt
560 3669 673 3740 Deum.
724 3667 861 3762 Vides,
891 3681 1062 3760 quantum
1078 3664 1211 3759 faciant
1227 3660 1392 3758 pecca?

288 3778 350 3853 ta,
376 3779 418 3836 ut
430 3782 622 3857 peccantes
640 3768 759 3858 illum,
786 3767 824 3841 in
845 3784 919 3859 quo
934 3788 1011 3841 non
1028 3763 1142 3838 solum
1159 3766 1220 3840 irae
1235 3767 1353 3839 nullus

254 3890 262 3901 ··
291 3863 439 3938 affatius
452 3865 523 3958 est,
544 3863 682 3941 sednec
697 3866 784 3939 alius
802 3865 1112 3959 quidempaffibilis
1124 3879 1267 3959 motus,
1284 3886 1355 3940 nos

292 3965 336 4036 ad
360 3964 576 4038 iracundiam
588 3972 805 4083 ‘provocare
823 3967 992 4042 dicamur.
1044 3967 1182 4040 Verum
1198 3965 1260 4045 ille
1277 3980 1393 4071 per-.-¹

290 4079 412 4141 manet
421 4065 647 4143 immutabilis
663 4066 701 4141 iu
716 4063 776 4142 sua
790 4080 940 4164 natura,
956 4087 1027 4143 nec
1039 4086 1195 4161 unquam
1207 4065 1269 4138 irae
1282 4081 1356 4139 tur·

1197 4167 1305 4241 batur
