<?xml version="1.0" encoding="UTF-8"?>
<!DOCTYPE html PUBLIC "-//W3C//DTD XHTML 1.0 Transitional//EN"
    "http://www.w3.org/TR/xhtml1/DTD/xhtml1-transitional.dtd">
<html xmlns="http://www.w3.org/1999/xhtml" xml:lang="en" lang="en">
 <head>
  <title>
</title>
<meta http-equiv="Content-Type" content="text/html;charset=utf-8" />
  <meta name='ocr-system' content='tesseract 3.04.00' />
  <meta name='ocr-capabilities' content='ocr_page ocr_carea ocr_par ocr_line ocrx_word'/>
</head>
<body>
  <div class='ocr_page' id='page_1' title='image "./operaomniasanct09unkngoog_0405.png"; bbox 0 0 3075 4875; ppageno 0'>
   <div class='ocr_carea' id='block_1_1' title="bbox 269 379 1268 548">
    <p class='ocr_par' dir='ltr' id='par_1_1' title="bbox 269 379 1268 548">
     <span class='ocr_line' id='line_1_1' title="bbox 269 379 1268 548; baseline 0.002 -37"><span class='ocrx_word' id='word_1_1' title='bbox 269 379 298 408; x_wconf 60' lang='lat'><em>⁶</em></span> <span class='ocrx_word' id='word_1_2' title='bbox 374 401 1076 516; x_wconf 77' lang='lat' dir='ltr'>satncnrtuesnnuos.</span> <span class='ocrx_word' id='word_1_3' title='bbox 1187 457 1268 548; x_wconf 65' lang='lat' dir='ltr'>ua,</span> 
     </span>
    </p>
   </div>
   <div class='ocr_carea' id='block_1_2' title="bbox 179 541 1262 901">
    <p class='ocr_par' dir='ltr' id='par_1_2' title="bbox 179 541 1262 901">
     <span class='ocr_line' id='line_1_2' title="bbox 179 541 1262 698; baseline -0.006 -18"><span class='ocrx_word' id='word_1_4' title='bbox 179 541 245 680; x_wconf 76' lang='lat' dir='ltr'>ad</span> <span class='ocrx_word' id='word_1_5' title='bbox 257 621 328 678; x_wconf 85' lang='lat' dir='ltr'>noa</span> <span class='ocrx_word' id='word_1_6' title='bbox 344 614 614 697; x_wconf 88' lang='lat' dir='ltr'>pervenerunt,</span> <span class='ocrx_word' id='word_1_7' title='bbox 640 591 762 696; x_wconf 87' lang='lat' dir='ltr'>quidni</span> <span class='ocrx_word' id='word_1_8' title='bbox 779 599 866 676; x_wconf 89' lang='lat' dir='ltr'>dura</span> <span class='ocrx_word' id='word_1_9' title='bbox 886 597 920 674; x_wconf 82' lang='lat' dir='ltr'>dc</span> <span class='ocrx_word' id='word_1_10' title='bbox 939 598 1088 689; x_wconf 69' lang='lat' dir='ltr'>moleste</span> <span class='ocrx_word' id='word_1_11' title='bbox 1103 597 1262 698; x_wconf 73' lang='lat' dir='ltr'>libenter</span> 
     </span>
     <span class='ocr_line' id='line_1_3' title="bbox 197 701 1259 798; baseline -0.008 -18"><span class='ocrx_word' id='word_1_12' title='bbox 197 701 384 781; x_wconf 68' lang='lat' dir='ltr'>feremus?</span> <span class='ocrx_word' id='word_1_13' title='bbox 409 701 562 778; x_wconf 82' lang='lat' dir='ltr'>dicitur:</span> <span class='ocrx_word' id='word_1_14' title='bbox 586 702 625 777; x_wconf 72' lang='lat' dir='ltr'>Se·</span> <span class='ocrx_word' id='word_1_15' title='bbox 644 707 723 776; x_wconf 83' lang='lat' dir='ltr'>door</span> <span class='ocrx_word' id='word_1_16' title='bbox 729 702 919 798; x_wconf 74' lang='lat' dir='ltr'>suscepimus</span> <span class='ocrx_word' id='word_1_17' title='bbox 934 719 973 772; x_wconf 71' lang='lat' dir='ltr'>cx</span> <span class='ocrx_word' id='word_1_18' title='bbox 992 723 1088 772; x_wconf 76' lang='lat' dir='ltr'>mane</span> <span class='ocrx_word' id='word_1_19' title='bbox 1106 705 1259 791; x_wconf 69' lang='lat' dir='ltr'>Domini,</span> 
     </span>
     <span class='ocr_line' id='line_1_4' title="bbox 197 797 1259 901; baseline 0 -24"><span class='ocrx_word' id='word_1_20' title='bbox 197 807 285 878; x_wconf 74' lang='lat' dir='ltr'>mala</span> <span class='ocrx_word' id='word_1_21' title='bbox 307 827 374 874; x_wconf 80' lang='lat' dir='ltr'>nm</span> <span class='ocrx_word' id='word_1_22' title='bbox 395 797 644 901; x_wconf 63' lang='lat' dir='ltr'>sustinebimuss</span> <span class='ocrx_word' id='word_1_23' title='bbox 682 801 728 876; x_wconf 82' lang='lat' dir='ltr'>Et</span> <span class='ocrx_word' id='word_1_24' title='bbox 754 823 836 877; x_wconf 88' lang='lat' dir='ltr'>cum</span> <span class='ocrx_word' id='word_1_25' title='bbox 865 800 934 876; x_wconf 93' lang='lat' dir='ltr'>dici</span> <span class='ocrx_word' id='word_1_26' title='bbox 958 799 1157 896; x_wconf 82' lang='lat' dir='ltr'>potuisset,</span> <span class='ocrx_word' id='word_1_27' title='bbox 1182 802 1259 877; x_wconf 78' lang='lat' dir='ltr'>hec</span> 
     </span>
    </p>
   </div>
   <div class='ocr_carea' id='block_1_3' title="bbox 194 895 1380 996">
    <p class='ocr_par' dir='ltr' id='par_1_3' title="bbox 194 895 1380 996">
     <span class='ocr_line' id='line_1_5' title="bbox 194 895 1380 996; baseline -0.01 -11"><span class='ocrx_word' id='word_1_28' title='bbox 194 901 422 984; x_wconf 74' lang='lat' dir='ltr'>Hierusalem</span> <span class='ocrx_word' id='word_1_29' title='bbox 447 901 491 978; x_wconf 89' lang='lat' dir='ltr'>ad</span> <span class='ocrx_word' id='word_1_30' title='bbox 513 901 731 978; x_wconf 85' lang='lat' dir='ltr'>erudiendos</span> <span class='ocrx_word' id='word_1_31' title='bbox 758 903 836 996; x_wconf 77' lang='lat' dir='ltr'>eius</span> <span class='ocrx_word' id='word_1_32' title='bbox 860 902 960 978; x_wconf 83' lang='lat' dir='ltr'>clvea</span> <span class='ocrx_word' id='word_1_33' title='bbox 984 901 1106 976; x_wconf 92' lang='lat' dir='ltr'>divina</span> <span class='ocrx_word' id='word_1_34' title='bbox 1134 903 1259 996; x_wconf 89' lang='lat' dir='ltr'>provi·</span> <span class='ocrx_word' id='word_1_35' title='bbox 1376 895 1380 910; x_wconf 79' lang='grc'><strong>“</strong></span> 
     </span>
    </p>
   </div>
   <div class='ocr_carea' id='block_1_4' title="bbox 198 999 1271 2503">
    <p class='ocr_par' dir='ltr' id='par_1_4' title="bbox 198 999 1271 2402">
     <span class='ocr_line' id='line_1_6' title="bbox 198 999 1261 1102; baseline -0.005 -21"><span class='ocrx_word' id='word_1_36' title='bbox 198 1005 323 1081; x_wconf 88' lang='lat' dir='ltr'>dentia</span> <span class='ocrx_word' id='word_1_37' title='bbox 343 1015 568 1089; x_wconf 85' lang='lat' dir='ltr'>evenerunt,</span> <span class='ocrx_word' id='word_1_38' title='bbox 593 999 760 1098; x_wconf 85' lang='lat' dir='ltr'>scriptum</span> <span class='ocrx_word' id='word_1_39' title='bbox 782 1001 857 1078; x_wconf 86' lang='lat' dir='ltr'>est:</span> <span class='ocrx_word' id='word_1_40' title='bbox 885 1001 1120 1092; x_wconf 70' lang='lat' dir='ltr'>Desundm</span> <span class='ocrx_word' id='word_1_41' title='bbox 1142 1006 1261 1102; x_wconf 61' lang='lat' dir='ltr'>matu</span> 
     </span>
     <span class='ocr_line' id='line_1_7' title="bbox 200 1101 1258 1199; baseline -0.003 -20"><span class='ocrx_word' id='word_1_42' title='bbox 200 1109 346 1179; x_wconf 77' lang='lat' dir='ltr'>Domino</span> <span class='ocrx_word' id='word_1_43' title='bbox 368 1109 408 1174; x_wconf 80' lang='lat' dir='ltr'>io</span> <span class='ocrx_word' id='word_1_44' title='bbox 430 1118 541 1199; x_wconf 75' lang='lat' dir='ltr'>ponas</span> <span class='ocrx_word' id='word_1_45' title='bbox 568 1104 775 1190; x_wconf 72' lang='lat' dir='ltr'>Hierusalem.</span> <span class='ocrx_word' id='word_1_46' title='bbox 826 1101 1026 1198; x_wconf 75' lang='lat' dir='ltr'>Oportebit</span> <span class='ocrx_word' id='word_1_47' title='bbox 1050 1123 1138 1199; x_wconf 82' lang='lat' dir='ltr'>ergo</span> <span class='ocrx_word' id='word_1_48' title='bbox 1165 1123 1258 1197; x_wconf 74' lang='lat' dir='ltr'>noa,</span> 
     </span>
     <span class='ocr_line' id='line_1_8' title="bbox 199 1201 1259 1302; baseline 0.001 -22"><span class='ocrx_word' id='word_1_49' title='bbox 199 1207 310 1281; x_wconf 82' lang='lat' dir='ltr'>rebus</span> <span class='ocrx_word' id='word_1_50' title='bbox 333 1201 551 1302; x_wconf 66' lang='lat' dir='ltr'>mediceris,</span> <span class='ocrx_word' id='word_1_51' title='bbox 578 1203 767 1282; x_wconf 83' lang='lat' dir='ltr'><strong>nominum</strong></span> <span class='ocrx_word' id='word_1_52' title='bbox 786 1221 863 1278; x_wconf 90' lang='lat' dir='ltr'>non</span> <span class='ocrx_word' id='word_1_53' title='bbox 885 1203 936 1276; x_wconf 90' lang='lat' dir='ltr'>ita</span> <span class='ocrx_word' id='word_1_54' title='bbox 953 1217 1100 1280; x_wconf 82' lang='lat' dir='ltr'>tenaces</span> <span class='ocrx_word' id='word_1_55' title='bbox 1126 1203 1259 1298; x_wconf 56' lang='lat' dir='ltr'>&amp;pare</span> 
     </span>
     <span class='ocr_line' id='line_1_9' title="bbox 201 1299 1260 1398; baseline -0.002 -20"><span class='ocrx_word' id='word_1_56' title='bbox 201 1326 271 1378; x_wconf 83' lang='lat' dir='ltr'>cos</span> <span class='ocrx_word' id='word_1_57' title='bbox 292 1299 383 1395; x_wconf 81' lang='lat' dir='ltr'>eise,</span> <span class='ocrx_word' id='word_1_58' title='bbox 408 1300 469 1376; x_wconf 89' lang='lat' dir='ltr'>sed</span> <span class='ocrx_word' id='word_1_59' title='bbox 487 1303 633 1397; x_wconf 89' lang='lat' dir='ltr'>videre,</span> <span class='ocrx_word' id='word_1_60' title='bbox 657 1304 720 1378; x_wconf 88' lang='lat' dir='ltr'>ubi</span> <span class='ocrx_word' id='word_1_61' title='bbox 730 1303 879 1398; x_wconf 86' lang='lat' dir='ltr'>proprie</span> <span class='ocrx_word' id='word_1_62' title='bbox 895 1303 1003 1378; x_wconf 84' lang='lat' dir='ltr'>rebus</span> <span class='ocrx_word' id='word_1_63' title='bbox 1015 1304 1260 1398; x_wconf 82' lang='lat' dir='ltr'>imponantur,</span> 
     </span>
     <span class='ocr_line' id='line_1_10' title="bbox 202 1401 1262 1498; baseline -0.005 -18"><span class='ocrx_word' id='word_1_64' title='bbox 202 1406 241 1480; x_wconf 81' lang='lat' dir='ltr'>dc</span> <span class='ocrx_word' id='word_1_65' title='bbox 253 1403 314 1480; x_wconf 91' lang='lat' dir='ltr'>ubi</span> <span class='ocrx_word' id='word_1_66' title='bbox 330 1416 483 1498; x_wconf 83' lang='lat' dir='ltr'>propter</span> <span class='ocrx_word' id='word_1_67' title='bbox 502 1402 660 1496; x_wconf 85' lang='lat' dir='ltr'>inopiam</span> <span class='ocrx_word' id='word_1_68' title='bbox 675 1406 722 1478; x_wconf 91' lang='lat' dir='ltr'>im</span> <span class='ocrx_word' id='word_1_69' title='bbox 748 1403 882 1497; x_wconf 84' lang='lat' dir='ltr'>roprie.</span> <span class='ocrx_word' id='word_1_70' title='bbox 935 1401 972 1476; x_wconf 85' lang='lat' dir='ltr'>Si</span> <span class='ocrx_word' id='word_1_71' title='bbox 995 1418 1114 1478; x_wconf 85' lang='lat' dir='ltr'>autem</span> <span class='ocrx_word' id='word_1_72' title='bbox 1134 1401 1262 1476; x_wconf 84' lang='lat' dir='ltr'>Serva·</span> 
     </span>
     <span class='ocr_line' id='line_1_11' title="bbox 201 1427 1263 1597; baseline 0.003 -20"><span class='ocrx_word' id='word_1_73' title='bbox 201 1517 269 1577; x_wconf 86' lang='lat' dir='ltr'>tor</span> <span class='ocrx_word' id='word_1_74' title='bbox 293 1501 449 1597; x_wconf 81' lang='lat' dir='ltr'>quadarn</span> <span class='ocrx_word' id='word_1_75' title='bbox 470 1503 669 1578; x_wconf 87' lang='lat' dir='ltr'>medicatus</span> <span class='ocrx_word' id='word_1_76' title='bbox 690 1427 748 1577; x_wconf 50' lang='lat' dir='ltr'>eid</span> <span class='ocrx_word' id='word_1_77' title='bbox 756 1556 769 1597; x_wconf 97' lang='lat'>,</span> <span class='ocrx_word' id='word_1_78' title='bbox 808 1495 1046 1578; x_wconf 82' lang='lat' dir='ltr'>&amp;sanitatem</span> <span class='ocrx_word' id='word_1_79' title='bbox 1073 1499 1201 1595; x_wconf 86' lang='lat' dir='ltr'>dedit,</span> <span class='ocrx_word' id='word_1_80' title='bbox 1228 1501 1263 1580; x_wconf 76' lang='lat' dir='ltr'>du</span> 
     </span>
     <span class='ocr_line' id='line_1_12' title="bbox 201 1600 1263 1697; baseline 0.002 -21"><span class='ocrx_word' id='word_1_81' title='bbox 201 1601 321 1695; x_wconf 75' lang='lat' dir='ltr'>visum</span> <span class='ocrx_word' id='word_1_82' title='bbox 342 1601 551 1676; x_wconf 83' lang='lat' dir='ltr'>&amp;auditum</span> <span class='ocrx_word' id='word_1_83' title='bbox 574 1603 802 1697; x_wconf 84' lang='lat' dir='ltr'>hominibus,</span> <span class='ocrx_word' id='word_1_84' title='bbox 828 1603 936 1676; x_wconf 84' lang='lat' dir='ltr'>altior</span> <span class='ocrx_word' id='word_1_85' title='bbox 950 1623 1075 1676; x_wconf 92' lang='lat' dir='ltr'>eorum</span> <span class='ocrx_word' id='word_1_86' title='bbox 1093 1600 1209 1677; x_wconf 83' lang='lat' dir='ltr'>sensus</span> <span class='ocrx_word' id='word_1_87' title='bbox 1224 1605 1263 1678; x_wconf 87' lang='lat' dir='ltr'>in</span> 
     </span>
     <span class='ocr_line' id='line_1_13' title="bbox 203 1701 1261 1799; baseline 0.004 -25"><span class='ocrx_word' id='word_1_88' title='bbox 203 1704 329 1799; x_wconf 82' lang='lat' dir='ltr'>primis</span> <span class='ocrx_word' id='word_1_89' title='bbox 354 1701 564 1795; x_wconf 78' lang='lat' dir='ltr'>querendae</span> <span class='ocrx_word' id='word_1_90' title='bbox 584 1701 662 1796; x_wconf 85' lang='lat' dir='ltr'>est,</span> <span class='ocrx_word' id='word_1_91' title='bbox 688 1722 769 1778; x_wconf 91' lang='lat' dir='ltr'>cum</span> <span class='ocrx_word' id='word_1_92' title='bbox 790 1703 955 1778; x_wconf 87' lang='lat' dir='ltr'>Verbum</span> <span class='ocrx_word' id='word_1_93' title='bbox 971 1705 1261 1796; x_wconf 71' lang='lat' dir='ltr'>perturbatione·</span> 
     </span>
     <span class='ocr_line' id='line_1_14' title="bbox 205 1799 1263 1900; baseline -0.002 -22"><span class='ocrx_word' id='word_1_94' title='bbox 205 1803 313 1878; x_wconf 85' lang='lat' dir='ltr'>anirni</span> <span class='ocrx_word' id='word_1_95' title='bbox 332 1819 458 1878; x_wconf 87' lang='lat' dir='ltr'>curate</span> <span class='ocrx_word' id='word_1_96' title='bbox 472 1803 527 1878; x_wconf 85' lang='lat' dir='ltr'>hir</span> <span class='ocrx_word' id='word_1_97' title='bbox 544 1801 701 1880; x_wconf 83' lang='lat' dir='ltr'>historiis</span> <span class='ocrx_word' id='word_1_98' title='bbox 719 1799 948 1900; x_wconf 84' lang='lat' dir='ltr'>fignificetur.</span> <span class='ocrx_word' id='word_1_99' title='bbox 998 1799 1132 1894; x_wconf 86' lang='lat' dir='ltr'>Neque</span> <span class='ocrx_word' id='word_1_100' title='bbox 1146 1799 1263 1878; x_wconf 90' lang='lat' dir='ltr'>absur-</span> 
     </span>
     <span class='ocr_line' id='line_1_15' title="bbox 206 1901 1271 1997; baseline 0 -19"><span class='ocrx_word' id='word_1_101' title='bbox 206 1904 293 1978; x_wconf 90' lang='lat' dir='ltr'>dum</span> <span class='ocrx_word' id='word_1_102' title='bbox 319 1903 370 1976; x_wconf 90' lang='lat' dir='ltr'>ibi</span> <span class='ocrx_word' id='word_1_103' title='bbox 400 1902 532 1995; x_wconf 83' lang='lat' dir='ltr'>fuerit,</span> <span class='ocrx_word' id='word_1_104' title='bbox 568 1903 701 1996; x_wconf 88' lang='lat' dir='ltr'>etiam,</span> <span class='ocrx_word' id='word_1_105' title='bbox 733 1924 812 1997; x_wconf 84' lang='lat' dir='ltr'>que</span> <span class='ocrx_word' id='word_1_106' title='bbox 828 1902 975 1978; x_wconf 88' lang='lat' dir='ltr'>historia</span> <span class='ocrx_word' id='word_1_107' title='bbox 996 1915 1143 1997; x_wconf 79' lang='lat' dir='ltr'>narrm,</span> <span class='ocrx_word' id='word_1_108' title='bbox 1173 1901 1271 1978; x_wconf 73' lang='lat' dir='ltr'>sedit</span> 
     </span>
     <span class='ocr_line' id='line_1_16' title="bbox 205 2001 1267 2099; baseline -0.002 -21"><span class='ocrx_word' id='word_1_109' title='bbox 205 2003 407 2099; x_wconf 81' lang='lat' dir='ltr'>intelligere</span> <span class='ocrx_word' id='word_1_110' title='bbox 419 2001 464 2078; x_wconf 89' lang='lat' dir='ltr'>ad</span> <span class='ocrx_word' id='word_1_111' title='bbox 478 2021 629 2098; x_wconf 89' lang='lat' dir='ltr'>eorum,</span> <span class='ocrx_word' id='word_1_112' title='bbox 653 2003 715 2098; x_wconf 89' lang='lat' dir='ltr'>qui</span> <span class='ocrx_word' id='word_1_113' title='bbox 728 2017 817 2084; x_wconf 89' lang='lat' dir='ltr'>tunc</span> <span class='ocrx_word' id='word_1_114' title='bbox 834 2017 938 2077; x_wconf 85' lang='lat' dir='ltr'>erant</span> <span class='ocrx_word' id='word_1_115' title='bbox 952 2001 1139 2078; x_wconf 88' lang='lat' dir='ltr'>hominum</span> <span class='ocrx_word' id='word_1_116' title='bbox 1159 2001 1267 2077; x_wconf 89' lang='lat' dir='ltr'>admi·</span> 
     </span>
     <span class='ocr_line' id='line_1_17' title="bbox 205 2099 1267 2198; baseline -0.001 -21"><span class='ocrx_word' id='word_1_117' title='bbox 205 2106 386 2177; x_wconf 85' lang='lat' dir='ltr'>rationem</span> <span class='ocrx_word' id='word_1_118' title='bbox 408 2099 443 2176; x_wconf 77' lang='lat' dir='ltr'>dt</span> <span class='ocrx_word' id='word_1_119' title='bbox 464 2101 670 2196; x_wconf 85' lang='lat' dir='ltr'>stuporem,</span> <span class='ocrx_word' id='word_1_120' title='bbox 696 2117 764 2198; x_wconf 89' lang='grc' dir='ltr'>ιιι,</span> <span class='ocrx_word' id='word_1_121' title='bbox 800 2103 859 2195; x_wconf 91' lang='lat' dir='ltr'>qui</span> <span class='ocrx_word' id='word_1_122' title='bbox 875 2099 1097 2178; x_wconf 74' lang='lat' dir='ltr'>sermonibus</span> <span class='ocrx_word' id='word_1_123' title='bbox 1116 2102 1267 2180; x_wconf 76' lang='lat' dir='ltr'>demon.</span> 
     </span>
     <span class='ocr_line' id='line_1_18' title="bbox 206 2200 1267 2300; baseline -0.003 -21"><span class='ocrx_word' id='word_1_124' title='bbox 206 2201 389 2279; x_wconf 76' lang='lat' dir='ltr'>strationis</span> <span class='ocrx_word' id='word_1_125' title='bbox 411 2200 631 2276; x_wconf 75' lang='lat' dir='ltr'>&amp;dodinae</span> <span class='ocrx_word' id='word_1_126' title='bbox 645 2212 723 2278; x_wconf 85' lang='lat' dir='ltr'>non</span> <span class='ocrx_word' id='word_1_127' title='bbox 738 2201 952 2300; x_wconf 83' lang='lat' dir='ltr'>crederent,</span> <span class='ocrx_word' id='word_1_128' title='bbox 971 2201 1133 2278; x_wconf 76' lang='lat' dir='ltr'>virtuter</span> <span class='ocrx_word' id='word_1_129' title='bbox 1146 2202 1267 2297; x_wconf 86' lang='lat' dir='ltr'>prodi·</span> 
     </span>
     <span class='ocr_line' id='line_1_19' title="bbox 207 2302 1194 2402; baseline 0.007 -27"><span class='ocrx_word' id='word_1_130' title='bbox 207 2305 351 2402; x_wconf 83' lang='lat' dir='ltr'>giorum</span> <span class='ocrx_word' id='word_1_131' title='bbox 371 2303 522 2378; x_wconf 87' lang='lat' dir='ltr'>reveriti</span> <span class='ocrx_word' id='word_1_132' title='bbox 544 2302 686 2378; x_wconf 64' lang='lat' dir='ltr'>dodoni</span> <span class='ocrx_word' id='word_1_133' title='bbox 706 2304 941 2381; x_wconf 79' lang='lat' dir='ltr'>adhererent</span> <span class='ocrx_word' id='word_1_134' title='bbox 1192 2305 1194 2309; x_wconf 71' lang='grc'>’</span> 
     </span>
    </p>

    <p class='ocr_par' dir='ltr' id='par_1_5' title="bbox 236 2401 1269 2503">
     <span class='ocr_line' id='line_1_20' title="bbox 236 2401 1269 2503; baseline -0.002 -26"><span class='ocrx_word' id='word_1_135' title='bbox 236 2452 238 2457; x_wconf 92' lang='grc'>-</span> <span class='ocrx_word' id='word_1_136' title='bbox 286 2407 458 2497; x_wconf 74' lang='lat' dir='ltr'>Signatum</span> <span class='ocrx_word' id='word_1_137' title='bbox 474 2404 514 2496; x_wconf 67' lang='lat' dir='ltr'>esi</span> <span class='ocrx_word' id='word_1_138' title='bbox 528 2408 618 2503; x_wconf 72' lang='lat' dir='ltr'>lupo</span> <span class='ocrx_word' id='word_1_139' title='bbox 633 2429 693 2479; x_wconf 79' lang='lat' dir='ltr'>ors</span> <span class='ocrx_word' id='word_1_140' title='bbox 710 2407 820 2483; x_wconf 69' lang='grc' dir='ltr'>Ιιιιιιιι</span> <span class='ocrx_word' id='word_1_141' title='bbox 834 2405 949 2477; x_wconf 71' lang='lat' dir='ltr'>nauus</span> <span class='ocrx_word' id='word_1_142' title='bbox 960 2407 1015 2477; x_wconf 76' lang='lat' dir='ltr'>tei</span> <span class='ocrx_word' id='word_1_143' title='bbox 1037 2401 1269 2499; x_wconf 63' lang='lat' dir='ltr'>nominoe}</span> 
     </span>
    </p>
   </div>
   <div class='ocr_carea' id='block_1_5' title="bbox 209 2502 1395 2603">
    <p class='ocr_par' dir='ltr' id='par_1_6' title="bbox 209 2502 1395 2603">
     <span class='ocr_line' id='line_1_21' title="bbox 209 2502 1395 2603; baseline -0.002 -24"><span class='ocrx_word' id='word_1_144' title='bbox 209 2502 333 2579; x_wconf 89' lang='lat' dir='ltr'>Deum</span> <span class='ocrx_word' id='word_1_145' title='bbox 351 2503 472 2585; x_wconf 82' lang='lat' dir='ltr'>lumen</span> <span class='ocrx_word' id='word_1_146' title='bbox 489 2502 584 2599; x_wconf 86' lang='lat' dir='ltr'>esse,</span> <span class='ocrx_word' id='word_1_147' title='bbox 611 2506 661 2579; x_wconf 80' lang='lat' dir='ltr'>eit</span> <span class='ocrx_word' id='word_1_148' title='bbox 674 2504 837 2603; x_wconf 83' lang='lat' dir='ltr'>Joannes-</span> <span class='ocrx_word' id='word_1_149' title='bbox 848 2505 885 2579; x_wconf 89' lang='lat' dir='ltr'>in</span> <span class='ocrx_word' id='word_1_150' title='bbox 901 2502 1089 2585; x_wconf 75' lang='lat' dir='ltr'>catholica</span> <span class='ocrx_word' id='word_1_151' title='bbox 1102 2504 1270 2599; x_wconf 80' lang='lat' dir='ltr'>epistota:</span> <span class='ocrx_word' id='word_1_152' title='bbox 1393 2562 1395 2569; x_wconf 65' lang='grc'>,</span> 
     </span>
    </p>
   </div>
   <div class='ocr_carea' id='block_1_6' title="bbox 185 2603 1287 4201">
    <p class='ocr_par' dir='ltr' id='par_1_7' title="bbox 185 2603 1287 4201">
     <span class='ocr_line' id='line_1_22' title="bbox 211 2603 1269 2702; baseline 0.007 -28"><span class='ocrx_word' id='word_1_153' title='bbox 211 2609 306 2680; x_wconf 75' lang='lat' dir='ltr'>Dans</span> <span class='ocrx_word' id='word_1_154' title='bbox 322 2605 382 2675; x_wconf 75' lang='lat' dir='ltr'>lex</span> <span class='ocrx_word' id='word_1_155' title='bbox 397 2604 459 2702; x_wconf 72' lang='lat' dir='ltr'>est,</span> <span class='ocrx_word' id='word_1_156' title='bbox 485 2603 525 2683; x_wconf 60' lang='grc' dir='ltr'><em>ὅ</em></span> <span class='ocrx_word' id='word_1_157' title='bbox 541 2608 671 2678; x_wconf 77' lang='lat' dir='ltr'>tenebra</span> <span class='ocrx_word' id='word_1_158' title='bbox 686 2616 725 2679; x_wconf 82' lang='lat' dir='ltr'>in</span> <span class='ocrx_word' id='word_1_159' title='bbox 735 2632 769 2679; x_wconf 79' lang='lat' dir='ltr'>aa</span> <span class='ocrx_word' id='word_1_160' title='bbox 786 2606 1037 2695; x_wconf 62' lang='lat' dir='ltr'>transmeasse.</span> <span class='ocrx_word' id='word_1_161' title='bbox 1087 2604 1137 2681; x_wconf 85' lang='lat' dir='ltr'>Et</span> <span class='ocrx_word' id='word_1_162' title='bbox 1150 2626 1269 2700; x_wconf 81' lang='lat' dir='ltr'>quam·</span> 
     </span>
     <span class='ocr_line' id='line_1_23' title="bbox 212 2704 1270 2800; baseline 0.001 -22"><span class='ocrx_word' id='word_1_163' title='bbox 212 2705 272 2778; x_wconf 85' lang='lat' dir='ltr'>vis</span> <span class='ocrx_word' id='word_1_164' title='bbox 294 2704 384 2800; x_wconf 83' lang='lat' dir='ltr'>ignis</span> <span class='ocrx_word' id='word_1_165' title='bbox 406 2724 554 2797; x_wconf 87' lang='lat' dir='ltr'>quoque</span> <span class='ocrx_word' id='word_1_166' title='bbox 573 2705 739 2799; x_wconf 78' lang='lat' dir='ltr'>dicatur,</span> <span class='ocrx_word' id='word_1_167' title='bbox 766 2704 1065 2799; x_wconf 71' lang='lat' dir='ltr'>quemadmodum</span> <span class='ocrx_word' id='word_1_168' title='bbox 1084 2704 1213 2780; x_wconf 83' lang='lat' dir='ltr'>Paulus</span> <span class='ocrx_word' id='word_1_169' title='bbox 1230 2706 1270 2779; x_wconf 90' lang='lat' dir='ltr'>in</span> 
     </span>
     <span class='ocr_line' id='line_1_24' title="bbox 213 2803 1272 2901; baseline -0.006 -20"><span class='ocrx_word' id='word_1_170' title='bbox 213 2803 365 2900; x_wconf 81' lang='lat' dir='ltr'>epistola</span> <span class='ocrx_word' id='word_1_171' title='bbox 377 2803 421 2877; x_wconf 80' lang='lat' dir='ltr'>ad</span> <span class='ocrx_word' id='word_1_172' title='bbox 434 2804 611 2879; x_wconf 78' lang='lat' dir='ltr'>Hebraeos</span> <span class='ocrx_word' id='word_1_173' title='bbox 629 2806 697 2879; x_wconf 84' lang='lat' dir='ltr'>ait:</span> <span class='ocrx_word' id='word_1_174' title='bbox 724 2806 861 2877; x_wconf 80' lang='lat' dir='ltr'>Etenim</span> <span class='ocrx_word' id='word_1_175' title='bbox 880 2808 968 2877; x_wconf 76' lang='lat' dir='ltr'>Deus</span> <span class='ocrx_word' id='word_1_176' title='bbox 984 2805 1084 2901; x_wconf 69' lang='lat' dir='ltr'>nester</span> <span class='ocrx_word' id='word_1_177' title='bbox 1097 2811 1183 2900; x_wconf 76' lang='lat' dir='ltr'>ignis</span> <span class='ocrx_word' id='word_1_178' title='bbox 1200 2829 1272 2875; x_wconf 80' lang='lat' dir='ltr'>cru·</span> 
     </span>
     <span class='ocr_line' id='line_1_25' title="bbox 185 2901 1272 3001; baseline 0.002 -27"><span class='ocrx_word' id='word_1_179' title='bbox 185 2993 186 2996; x_wconf 4' lang='grc' dir='ltr'><strong><em>Ν</em></strong></span> <span class='ocrx_word' id='word_1_180' title='bbox 208 2904 414 3001; x_wconf 69' lang='lat' dir='ltr'>juncensi,</span> <span class='ocrx_word' id='word_1_181' title='bbox 438 2904 652 2995; x_wconf 76' lang='lat' dir='ltr'>ostendens,</span> <span class='ocrx_word' id='word_1_182' title='bbox 675 2901 789 3001; x_wconf 85' lang='lat' dir='ltr'>ipsum</span> <span class='ocrx_word' id='word_1_183' title='bbox 804 2901 876 2978; x_wconf 88' lang='lat' dir='ltr'>eise</span> <span class='ocrx_word' id='word_1_184' title='bbox 888 2903 1007 2979; x_wconf 89' lang='lat' dir='ltr'>Deum</span> <span class='ocrx_word' id='word_1_185' title='bbox 1019 2905 1106 2999; x_wconf 82' lang='lat' dir='ltr'>legis</span> <span class='ocrx_word' id='word_1_186' title='bbox 1120 2904 1272 2979; x_wconf 84' lang='lat' dir='ltr'>&amp;evan-</span> 
     </span>
     <span class='ocr_line' id='line_1_26' title="bbox 214 3001 1271 3104; baseline -0.004 -23"><span class='ocrx_word' id='word_1_187' title='bbox 214 3004 328 3104; x_wconf 81' lang='lat' dir='ltr'>getii,</span> <span class='ocrx_word' id='word_1_188' title='bbox 352 3002 426 3077; x_wconf 89' lang='lat' dir='ltr'>hoc</span> <span class='ocrx_word' id='word_1_189' title='bbox 444 3002 518 3096; x_wconf 90' lang='lat' dir='ltr'>est,</span> <span class='ocrx_word' id='word_1_190' title='bbox 544 3004 684 3078; x_wconf 89' lang='lat' dir='ltr'>Patrem</span> <span class='ocrx_word' id='word_1_191' title='bbox 703 3004 855 3078; x_wconf 89' lang='lat' dir='ltr'>Domini</span> <span class='ocrx_word' id='word_1_192' title='bbox 874 3002 986 3077; x_wconf 85' lang='lat' dir='ltr'>nostri</span> <span class='ocrx_word' id='word_1_193' title='bbox 1014 3003 1095 3100; x_wconf 87' lang='lat' dir='ltr'>Jesu</span> <span class='ocrx_word' id='word_1_194' title='bbox 1119 3001 1271 3097; x_wconf 90' lang='lat' dir='ltr'>Christi,</span> 
     </span>
     <span class='ocr_line' id='line_1_27' title="bbox 214 3096 1273 3199; baseline -0.001 -19"><span class='ocrx_word' id='word_1_195' title='bbox 214 3106 252 3180; x_wconf 77' lang='lat' dir='ltr'>u</span> <span class='ocrx_word' id='word_1_196' title='bbox 272 3118 465 3199; x_wconf 87' lang='lat' dir='ltr'>propterea</span> <span class='ocrx_word' id='word_1_197' title='bbox 486 3104 606 3178; x_wconf 90' lang='lat' dir='ltr'>Deum</span> <span class='ocrx_word' id='word_1_198' title='bbox 626 3102 814 3197; x_wconf 84' lang='lat' dir='ltr'>nostrum,</span> <span class='ocrx_word' id='word_1_199' title='bbox 848 3096 937 3177; x_wconf 85' lang='lat' dir='ltr'>nihil</span> <span class='ocrx_word' id='word_1_200' title='bbox 959 3103 1054 3179; x_wconf 82' lang='lat' dir='ltr'>aliud</span> <span class='ocrx_word' id='word_1_201' title='bbox 1081 3104 1273 3197; x_wconf 84' lang='lat' dir='ltr'>quidquam</span> 
     </span>
     <span class='ocr_line' id='line_1_28' title="bbox 215 3201 1274 3303; baseline 0.004 -24"><span class='ocrx_word' id='word_1_202' title='bbox 215 3204 308 3303; x_wconf 81' lang='lat' dir='ltr'>esse,</span> <span class='ocrx_word' id='word_1_203' title='bbox 329 3201 595 3279; x_wconf 82' lang='lat' dir='ltr'>existimandum</span> <span class='ocrx_word' id='word_1_204' title='bbox 616 3202 690 3297; x_wconf 88' lang='lat' dir='ltr'>est,</span> <span class='ocrx_word' id='word_1_205' title='bbox 716 3223 821 3296; x_wconf 90' lang='lat' dir='ltr'>quam</span> <span class='ocrx_word' id='word_1_206' title='bbox 839 3204 984 3297; x_wconf 88' lang='lat' dir='ltr'>lumen,</span> <span class='ocrx_word' id='word_1_207' title='bbox 1010 3204 1109 3297; x_wconf 91' lang='lat' dir='ltr'>quod</span> <span class='ocrx_word' id='word_1_208' title='bbox 1131 3203 1274 3297; x_wconf 83' lang='lat' dir='ltr'>quidem</span> 
     </span>
     <span class='ocr_line' id='line_1_29' title="bbox 215 3300 1279 3499; baseline -0.001 -19"><span class='ocrx_word' id='word_1_209' title='bbox 215 3300 1107 3499; x_wconf 52' lang='lat' dir='ltr'>{iibiits‘dssizdimisisti,</span> <span class='ocrx_word' id='word_1_210' title='bbox 1141 3306 1279 3479; x_wconf 62' lang='lat' dir='ltr'>iit.</span> 
     </span>
     <span class='ocr_line' id='line_1_30' title="bbox 1112 3456 1126 3493; baseline 0 0"><span class='ocrx_word' id='word_1_211' title='bbox 1112 3456 1126 3493; x_wconf 66' lang='grc'><strong>9</strong></span> 
     </span>
     <span class='ocr_line' id='line_1_31' title="bbox 217 3502 1278 3598; baseline -0.002 -19"><span class='ocrx_word' id='word_1_212' title='bbox 217 3507 300 3579; x_wconf 91' lang='lat' dir='ltr'>dem</span> <span class='ocrx_word' id='word_1_213' title='bbox 323 3502 530 3596; x_wconf 85' lang='lat' dir='ltr'>substantia,</span> <span class='ocrx_word' id='word_1_214' title='bbox 557 3502 943 3595; x_wconf 88' lang='lat' dir='ltr'>quatenusilluminat‚</span> <span class='ocrx_word' id='word_1_215' title='bbox 969 3503 1166 3598; x_wconf 85' lang='lat' dir='ltr'>lumensn,</span> <span class='ocrx_word' id='word_1_216' title='bbox 1192 3525 1278 3596; x_wconf 91' lang='lat' dir='ltr'>qua·</span> 
     </span>
     <span class='ocr_line' id='line_1_32' title="bbox 216 3601 1280 3688; baseline -0.002 -9"><span class='ocrx_word' id='word_1_217' title='bbox 216 3619 325 3679; x_wconf 86' lang='lat' dir='ltr'>tenus</span> <span class='ocrx_word' id='word_1_218' title='bbox 342 3622 439 3678; x_wconf 89' lang='lat' dir='ltr'>vero</span> <span class='ocrx_word' id='word_1_219' title='bbox 456 3604 520 3679; x_wconf 86' lang='lat' dir='ltr'>has</span> <span class='ocrx_word' id='word_1_220' title='bbox 546 3603 606 3675; x_wconf 87' lang='lat' dir='ltr'>vei</span> <span class='ocrx_word' id='word_1_221' title='bbox 623 3603 700 3676; x_wconf 85' lang='lat' dir='ltr'>ilias</span> <span class='ocrx_word' id='word_1_222' title='bbox 723 3603 887 3688; x_wconf 87' lang='lat' dir='ltr'>materias</span> <span class='ocrx_word' id='word_1_223' title='bbox 910 3602 1160 3680; x_wconf 86' lang='lat' dir='ltr'>comburendo</span> <span class='ocrx_word' id='word_1_224' title='bbox 1180 3601 1280 3679; x_wconf 89' lang='lat' dir='ltr'>absu-</span> 
     </span>
     <span class='ocr_line' id='line_1_33' title="bbox 217 3699 1281 3799; baseline -0.002 -17"><span class='ocrx_word' id='word_1_225' title='bbox 217 3706 287 3782; x_wconf 85' lang='lat' dir='ltr'>mit</span> <span class='ocrx_word' id='word_1_226' title='bbox 304 3722 346 3777; x_wconf 91' lang='lat' dir='ltr'>ac</span> <span class='ocrx_word' id='word_1_227' title='bbox 367 3703 542 3796; x_wconf 90' lang='lat' dir='ltr'>devorat,</span> <span class='ocrx_word' id='word_1_228' title='bbox 567 3703 657 3799; x_wconf 79' lang='lat' dir='ltr'>ignis</span> <span class='ocrx_word' id='word_1_229' title='bbox 678 3699 890 3777; x_wconf 79' lang='lat' dir='ltr'>consumens</span> <span class='ocrx_word' id='word_1_230' title='bbox 908 3702 1058 3779; x_wconf 76' lang='lat' dir='ltr'>existat:</span> <span class='ocrx_word' id='word_1_231' title='bbox 1084 3705 1133 3779; x_wconf 85' lang='lat' dir='ltr'>fic</span> <span class='ocrx_word' id='word_1_232' title='bbox 1153 3707 1281 3798; x_wconf 85' lang='lat' dir='ltr'>utique</span> 
     </span>
     <span class='ocr_line' id='line_1_34' title="bbox 219 3800 1282 3897; baseline 0 -20"><span class='ocrx_word' id='word_1_233' title='bbox 219 3805 328 3878; x_wconf 86' lang='lat' dir='ltr'>etiam</span> <span class='ocrx_word' id='word_1_234' title='bbox 349 3804 449 3877; x_wconf 77' lang='lat' dir='ltr'>Deus</span> <span class='ocrx_word' id='word_1_235' title='bbox 465 3826 507 3876; x_wconf 88' lang='lat' dir='ltr'>ea</span> <span class='ocrx_word' id='word_1_236' title='bbox 527 3802 692 3896; x_wconf 90' lang='lat' dir='ltr'>quidem,</span> <span class='ocrx_word' id='word_1_237' title='bbox 717 3823 795 3894; x_wconf 80' lang='lat' dir='ltr'>quae</span> <span class='ocrx_word' id='word_1_238' title='bbox 814 3822 927 3897; x_wconf 85' lang='lat' dir='ltr'>prava</span> <span class='ocrx_word' id='word_1_239' title='bbox 942 3800 1048 3894; x_wconf 90' lang='lat' dir='ltr'>sunt,</span> <span class='ocrx_word' id='word_1_240' title='bbox 1074 3805 1220 3896; x_wconf 83' lang='lat' dir='ltr'>abolet,</span> <span class='ocrx_word' id='word_1_241' title='bbox 1246 3803 1282 3877; x_wconf 80' lang='lat' dir='ltr'>dt</span> 
     </span>
     <span class='ocr_line' id='line_1_35' title="bbox 216 3900 1282 3997; baseline -0.008 -16"><span class='ocrx_word' id='word_1_242' title='bbox 216 3904 389 3981; x_wconf 86' lang='lat' dir='ltr'>maiitiam</span> <span class='ocrx_word' id='word_1_243' title='bbox 409 3900 588 3996; x_wconf 83' lang='lat' dir='ltr'>absumit,</span> <span class='ocrx_word' id='word_1_244' title='bbox 612 3904 655 3978; x_wconf 80' lang='lat' dir='ltr'>iio</span> <span class='ocrx_word' id='word_1_245' title='bbox 673 3916 816 3995; x_wconf 89' lang='lat' dir='ltr'>autem,</span> <span class='ocrx_word' id='word_1_246' title='bbox 842 3903 902 3995; x_wconf 92' lang='lat' dir='ltr'>qui</span> <span class='ocrx_word' id='word_1_247' title='bbox 921 3904 995 3997; x_wconf 84' lang='lat' dir='ltr'>apti</span> <span class='ocrx_word' id='word_1_248' title='bbox 1015 3902 1116 3994; x_wconf 90' lang='lat' dir='ltr'>sunt,</span> <span class='ocrx_word' id='word_1_249' title='bbox 1145 3903 1180 3977; x_wconf 75' lang='lat' dir='ltr'>u</span> <span class='ocrx_word' id='word_1_250' title='bbox 1200 3921 1282 3977; x_wconf 87' lang='lat' dir='ltr'>cor·</span> 
     </span>
     <span class='ocr_line' id='line_1_36' title="bbox 220 4001 1285 4102; baseline -0.006 -22"><span class='ocrx_word' id='word_1_251' title='bbox 220 4006 266 4080; x_wconf 88' lang='lat' dir='ltr'>de</span> <span class='ocrx_word' id='word_1_252' title='bbox 281 4023 397 4098; x_wconf 83' lang='lat' dir='ltr'>puro,</span> <span class='ocrx_word' id='word_1_253' title='bbox 423 4005 542 4077; x_wconf 89' lang='lat' dir='ltr'>lumen</span> <span class='ocrx_word' id='word_1_254' title='bbox 556 4002 620 4078; x_wconf 87' lang='lat' dir='ltr'>est.</span> <span class='ocrx_word' id='word_1_255' title='bbox 672 4001 983 4102; x_wconf 77' lang='lat' dir='ltr'>Quemadmodum</span> <span class='ocrx_word' id='word_1_256' title='bbox 999 4023 1092 4075; x_wconf 86' lang='lat' dir='ltr'>vero</span> <span class='ocrx_word' id='word_1_257' title='bbox 1112 4003 1211 4077; x_wconf 82' lang='lat' dir='ltr'>simul</span> <span class='ocrx_word' id='word_1_258' title='bbox 1230 4021 1285 4074; x_wconf 90' lang='lat' dir='ltr'>ac·</span> 
     </span>
     <span class='ocr_line' id='line_1_37' title="bbox 222 4100 1287 4201; baseline -0.005 -20"><span class='ocrx_word' id='word_1_259' title='bbox 222 4106 338 4201; x_wconf 86' lang='lat' dir='ltr'>cidit,</span> <span class='ocrx_word' id='word_1_260' title='bbox 362 4118 405 4177; x_wconf 89' lang='lat' dir='ltr'>ut</span> <span class='ocrx_word' id='word_1_261' title='bbox 419 4105 674 4200; x_wconf 84' lang='lat' dir='ltr'>corporealux</span> <span class='ocrx_word' id='word_1_262' title='bbox 687 4104 755 4197; x_wconf 83' lang='lat' dir='ltr'>iis,</span> <span class='ocrx_word' id='word_1_263' title='bbox 781 4104 841 4196; x_wconf 90' lang='lat' dir='ltr'>qui</span> <span class='ocrx_word' id='word_1_264' title='bbox 857 4100 960 4179; x_wconf 89' lang='lat' dir='ltr'>sanos</span> <span class='ocrx_word' id='word_1_265' title='bbox 984 4104 1121 4179; x_wconf 84' lang='lat' dir='ltr'>babent</span> <span class='ocrx_word' id='word_1_266' title='bbox 1138 4102 1287 4195; x_wconf 82' lang='lat' dir='ltr'>oculos,</span> 
     </span>
    </p>
   </div>
   <div class='ocr_carea' id='block_1_7' title="bbox 585 4201 1262 4326">
    <p class='ocr_par' dir='ltr' id='par_1_8' title="bbox 585 4201 1262 4326">
     <span class='ocr_line' id='line_1_38' title="bbox 585 4201 1262 4326; baseline -0.007 -48"><span class='ocrx_word' id='word_1_267' title='bbox 585 4201 831 4326; x_wconf 78' lang='lat' dir='ltr'>¹Us</span> <span class='ocrx_word' id='word_1_268' title='bbox 1166 4215 1262 4273; x_wconf 70' lang='lat' dir='ltr'>tum</span> 
     </span>
    </p>
   </div>
   <div class='ocr_carea' id='block_1_8' title="bbox 0 0 1566 4875">
    <p class='ocr_par' dir='ltr' id='par_1_9' title="bbox 0 0 1566 4875">
     <span class='ocr_line' id='line_1_39' title="bbox 0 0 1566 4875; baseline 0 0"><span class='ocrx_word' id='word_1_269' title='bbox 0 0 1566 4875; x_wconf 95' lang='lat' dir='ltr'> </span> 
     </span>
    </p>
   </div>
  </div>
 </body>
</html>
