3075 4875
224 473 234 482 ,
322 381 1126 590 senacrn'rnssoul
1199 448 1270 528 ur
1347 457 1368 532 γ

176 580 442 674 constantiam
455 605 532 659 non
549 545 766 680 ostendisset,
788 586 874 661 illud
877 589 1013 682 utique
1026 610 1102 661 non
1119 585 1268 665 audivis-
1273 622 1276 636 =
1364 613 1369 624 ’

199 674 280 779 set,
308 688 676 780 accingeficuturrlumb
678 709 852 775 umrurrm,
869 678 1266 795 nolisrlentiumagere,
1302 701 1305 718 '

202 781 264 878 sed
282 784 630 878 adrespondendum
654 790 809 861 animum
828 788 973 860 virilem
988 787 1117 860 indue:
1144 799 1267 879 quate·
1340 859 1343 865 ,
1369 873 1379 896 N

204 905 272 957 ntis
290 888 384 957 enim
402 888 510 959 lumbi
529 887 675 979 alicujus
692 887 835 961 minime
853 885 997 960 accintti
1011 887 1045 957 bt
1065 888 1265 984 constricti,
1344 952 1346 955 ,

202 984 262 1058 sed
285 984 392 1058 soluti
418 983 551 1069 sunt,
540 1005 569 1058 rs
595 985 701 1080 Deo,
741 1002 854 1079 prout
886 984 1163 1060 consentaneum
1196 988 1265 1082 est,
1328 997 1331 1007 “
1378 1083 1379 1093 ¹

204 1071 425 1178 respondere
451 1105 527 1157 non
547 1085 676 1179 potest.
729 1081 848 1159 Deo
838 1085 943 1184 rgitur
963 1108 1070 1159 nemo
1094 1089 1189 1179 prius
1210 1108 1267 1164 re-

203 1183 402 1277 spondeat,
439 1206 541 1277 quarn
567 1183 736 1279 spirituali
764 1183 895 1259 stattua
921 1185 977 1258 vir
1003 1182 1265 1264 consummatus
1342 1251 1344 1257 .
1371 1213 1375 1241 -·

203 1282 377 1378 evaserit,
406 1281 439 1357 ἂ
460 1284 602 1358 lumbos
619 1285 826 1386 accinxerit.

211 1425 331 1498 Ne
349 1428 476 1520 repelns
491 1429 646 1523 judicium
667 1429 802 1516 meum]
844 1420 932 1497 Noli
955 1422 1180 1521 existimare,
1205 1444 1266 1505 ‘nro
1361 1463 1363 1467 ·

202 1524 516 1619 perperam&srne
529 1542 670 1598 ratione
686 1547 747 1617 ea,
775 1546 851 1617 quae
861 1523 976 1621 passus
989 1547 1048 1616 es,
1062 1527 1267 1643 judicasse,

203 1643 321 1717 neque
339 1624 510 1716 judicium
532 1646 649 1698 meum
670 1625 844 1721 defugito.
897 1624 991 1697 Dit'ti
1009 1611 1113 1717 hujus
1133 1632 1266 1703 utilita-

203 1738 277 1797 tem
291 1727 464 1797 memoria
480 1728 703 1818 recolamus,
729 1744 810 1798 curn
830 1721 929 1795 Deus
946 1725 1021 1819 pati
1041 1745 1110 1797 nos
1132 1727 1267 1819 aliquid

202 1823 445 1922 decreverit,
458 1824 690 1897 filiberorlrm
705 1825 919 1915 orbitatem,
947 1821 1150 1897 dominatus
1166 1823 1265 1900 anais·

201 1925 359 2016 sionem,
395 1929 561 2019 corporis
592 1923 862 2019 aegritudinem,
900 1922 961 1994 uel
992 1922 1122 2013 aliquid
1144 1925 1264 2017 hujus·

200 2022 298 2098 modi
315 2017 431 2096 subrre
448 2037 635 2116 oporteat
660 2020 736 2098 sreri
757 2026 849 2098 enim
872 2037 948 2093 non
969 2022 1109 2115 potest,
1135 2039 1176 2096 ut
1191 2025 1266 2102 fine
1364 2041 1369 2063 ·

200 2122 269 2195 Dei
284 2122 421 2214 judicio
440 2125 626 2215 quicquam
646 2124 774 2199 horum
795 2124 978 2216 patiamur.
1033 2118 1151 2195 Cum
1140 2140 1263 2217 itaque

201 2225 337 2315 absque
358 2222 484 2295 divino
501 2224 637 2316 judicio
661 2223 749 2297 nihil
770 2225 900 2299 horum
921 2218 1086 2317 eveniat,
1114 2220 1264 2301 adversa
1313 2238 1314 2241 ’

201 2322 371 2395 toleranti
397 2320 554 2413 dicitur,
586 2348 626 2393 ne
652 2321 777 2418 repellas
794 2329 949 2422 judicium
972 2344 1100 2404 meum,
1132 2322 1262 2419 idest,

201 2422 299 2514 quod
317 2423 362 2496 de
382 2439 418 2496 te
435 2422 571 2516 judicio
591 2423 696 2498 statui
718 2421 890 2523 (praesens
907 2421 1041 2534 scilicet
1055 2421 1275 2518 responsum*

199 2527 337 2619 meum)
359 2523 436 2596 noli
458 2518 664 2599 detreilare

281 2647 383 2715 Purus
400 2659 504 2714 autem
524 2666 570 2714 me
584 2643 680 2715 aliter
699 2643 745 2714 rib
746 2636 977 2739 irespondiffe,
1004 2666 1096 2740 quam
1113 2654 1151 2713 ut
1164 2662 1265 2757 appa·

202 2765 270 2817 reas
290 2769 330 2840 ju
302 2738 436 2841 uflusi]
463 2740 579 2837 Justus
605 2763 705 2834 eras,
738 2741 879 2834 fateor,
913 2760 1039 2815 uerum
1063 2739 1171 2815 aliis
1162 2762 1263 2858 rgno·

202 2856 287 2931 tus3
315 2843 488 2938 patientia
510 2842 761 2934 instruebatis,
788 2839 845 2914 sed
864 2852 904 2913 ut
917 2840 1087 2937 patientia
1107 2854 1169 2913 tua
1188 2843 1263 2913 eni·

203 2954 319 3036 teret,
348 2941 571 3016 occasionem
584 2944 811 3034 mepraebere
822 2941 1007 3035 oportuit,
1035 2941 1153 3014 animo
1172 2938 1262 3013 forti
1304 3030 1306 3032 v

204 3061 301 3135 eras,
329 3038 387 3116 sed
402 3047 572 3117 latentem
587 3043 622 3114 in
643 3057 680 3116 te
694 3038 943 3125 fortitudinem
960 3059 1123 3113 erumnae
1138 3040 1170 3113 b
1184 3060 1262 3113 mo·

202 3140 333 3235 lelliae,
367 3161 442 3234 quae
465 3141 531 3216 tibi
559 3142 821 3238 contigerunt,
844 3139 1071 3234 'perspicuam
1100 3138 1261 3214 reddide-¹

202 3257 298 3323 runt.
337 3240 477 3315 Horum
493 3244 745 3335 recordemur,
773 3239 1082 3315 cumcalamitates
1098 3259 1165 3313 nos
1182 3261 1261 3336 pre·
1288 3310 1293 3317 ,
1376 3245 1378 3251 ’

203 3355 326 3434 munt,
355 3341 515 3415 &Deum
533 3339 762 3436 praesentem,
786 3358 929 3457 nosque
945 3341 1186 3431 alloquentem
1201 3361 1261 3412 au·

205 3440 290 3515 dire'
302 3438 559 3534 existimemuS,
582 3462 721 3540 purasne
742 3466 788 3510 me
786 3445 906 3512 ulitur
923 3439 984 3512 tibi
1002 3440 1073 3538 resp
1076 3444 1197 3530 nasale,
1223 3436 1260 3512 id

203 3541 277 3633 ost,
304 3540 435 3640 tentari
453 3554 489 3613 te
507 3542 636 3635 pallum
652 3539 740 3636 esse,
768 3562 871 3634 quam
888 3554 929 3613 ut
945 3541 1219 3639 ignorantibus
1204 3550 1262 3635 Ju'·

204 3638 295 3715 stitia
315 3656 377 3713 tua
394 3639 576 3715 manifesta
592 3638 679 3716 fiat?
802 3664 805 3669 ’

194 3816 198 3850 t
274 3779 399 3874 Affilme
421 3782 468 3853 til
471 3789 483 3851 ι·
504 3782 624 3854 ulritud
607 3782 744 3873 dinem]
784 3778 899 3857 Licet.
918 3779 1024 3855 etiam
1047 3780 1120 3857 hoc
1144 3779 1258 3856 modo
1320 3778 1327 3862 ’Ν

202 3880 338 3957 versus
344 3885 396 3955 int
382 3885 564 3977 telligere3
591 3883 705 3956 viilus
722 3895 789 3955 ate
803 3896 964 3955 tentator
983 3878 1053 3976 est,
1082 3880 1185 3954 animi
1204 3878 1258 3953 tui
1364 3949 1367 3956 .

205 3983 444 4059 celsitudinem
465 3984 607 4056 &uires
634 3998 711 4056 tuas
728 3981 893 4071 resume,
920 4001 1094 4056 coronam
1113 3982 1258 4074 accipe,

205 4081 370 4172 &decus
389 4083 518 4159 indue:
549 4084 683 4161 bellum
618 4082 784 4260 Itsbi
789 4084 909 4158 movit
936 4082 1191 4187 conviciator,
1217 4093 1262 4154 tu

760 4204 780 4257 a
1120 4197 1224 4254 sero
