3075 4875
381 441 1079 562 sustenementum-os.
1129 455 1134 470 ’
1189 467 1261 565 2'19

196 632 399 713 membrum
412 649 522 704 omne
538 628 582 701 ad
596 627 694 710 nsum
711 627 863 721 aliquem
881 623 1051 718 asumma
1071 624 1136 699 illo
1156 621 1262 721 opili-

198 757 244 810 ce
265 736 306 808 srt
322 733 534 820 conditum,
560 744 636 803 tum
660 747 751 801 vero
770 732 896 818 dentes
919 724 1035 799 solido
1058 730 1143 799 cibo
1164 749 1263 801 coru·¹

199 830 400 910 minuendo
415 828 495 902 sunt
514 828 606 904 fatti.
660 830 757 925 Quid
774 829 881 923 igitur
895 827 1062 903 dentibus
1082 848 1173 919 opus
1191 829 1271 902 illis*

182 932 279 1023 ‘'est,
307 933 365 1024 qui
393 928 483 1021 apud
504 927 641 1002 inferos
663 924 898 1005 cruciantur?
933 925 1024 999 Non
1043 931 1158 1006 enirn,
1184 928 1263 1020 opi·
1320 958 1330 968 ·

200 1051 295 1121 nor,
323 1023 1150 1122 quicquamillicmanducatorereffedixerint.
1201 1025 1264 1100 Ad

200 1131 280 1209 h'aec
298 1129 453 1201 docendi
467 1126 568 1216 sunt,
595 1147 672 1203 uon
690 1129 809 1203 onnia
828 1125 977 1222 perinde
993 1123 1199 1215 accipienda
1213 1123 1262 1197 es·
1360 1214 1362 1218 .

174 1221 177 1228 ’
202 1229 266 1323 se,
294 1250 335 1301 ac
357 1227 486 1320 scripta
510 1225 601 1304 sunt.
653 1228 777 1329 Quare
801 1228 871 1300 alio
892 1229 980 1299 locu
1004 1224 1262 1319 scriptumest:

205 1338 329 1402 Dentes
346 1349 537 1423 peccaterum
551 1332 732 1418 contrivisti
777 1324 905 1412 ¹›lte1n3
934 1328 1041 1397 Musas
1061 1329 1264 1398 ieonumcon·
1318 1379 1320 1384 .

198 1430 305 1527 sregrt
326 1431 495 1500 Dominus.
547 1424 737 1520 Numquis
756 1425 848 1503 adeo
867 1424 1014 1503 stolidus
1035 1423 1110 1514 est,
1135 1438 1177 1497 ut
1201 1424 1268 1501 l'tb‘t
1323 1423 1357 1490 ’.

204 1526 436 1624 persuadeat,
459 1525 577 1618 Deum
592 1523 780 1603 reservatis
800 1525 1031 1624 peccatorum
1047 1524 1263 1617 corporibus
1310 1545 1312 1549 ⁴

205 1629 305 1701 solos
321 1627 445 1699 dentes
463 1624 682 1703 conterere?
707 1625 763 1699 Ut
778 1626 909 1722 igitur,
933 1627 995 1716 -qui
1007 1626 1082 1700 baec
1095 1627 1143 1697 ita
1159 1625 1193 1695 se
1204 1624 1265 1695 ha.

206 1728 296 1801 bere
311 1728 421 1805 uelit,
446 1726 483 1797 in
498 1723 669 1819 angustias
684 1724 867 1818 conicitur
886 1723 929 1802 ad
946 1723 1175 1820 allegoricum
1191 1722 1266 1796 sen·

206 1828 284 1903 suni
307 1826 366 1896 vel
383 1826 518 1896 inuitus
542 1824 716 1901 trahitur:
739 1824 788 1899 sic
810 1824 855 1904 de
876 1823 1027 1896 stridore
1046 1823 1205 1895 dentium
1228 1822 1266 1894 in

202 1927 291 2017 liis,
318 1926 378 2014 qui
402 1921 578 2016 suppliciis
596 1920 822 2008 afficiuntur,
847 1925 1027 2014 inquirere
1043 1922 1136 1996 idem
1152 1940 1267 2022 opor·¹
1316 1926 1320 1932 ’
1350 1933 1353 1944 ’

208 2038 289 2098 tet:
322 2038 495 2116 quatenus
523 2024 637 2098 auiura
660 2023 932 2101 commandendi
959 2022 1167 2110 nonnullam
1191 2021 1266 2093 virn

208 2126 341 2204 habet,
369 2144 437 2213 qua
453 2122 581 2197 ultimo
600 2122 662 2198 illo
677 2122 800 2218 judicii
818 2134 1003 2218 tempore,
1030 2141 1110 2194 curn
1126 2120 1274 2213 depet-¹

210 2227 300 2296 catis
328 2220 472 2313 questio
502 2222 717 2312 habebitur,
748 2222 897 2318 perinde
927 2235 970 2294 ut
996 2221 1116 2297 collidi
1138 2220 1267 2292 ¹dentes
1382 2246 1389 2260 ⁸

181 2407 184 2418 ,
210 2322 350 2413 solent,
377 2322 516 2396 iratum
534 2320 699 2398 dentibus
717 2321 985 2417 quodammodo
1002 2319 1173 2396 stridebit.
1224 2319 1268 2391 ll·

212 2426 278 2499 lud
306 2442 427 2513 vero,
466 2425 587 2495 ‘Temere
618 2449 703 2510 eum,
737 2427 795 2521 qui
819 2422 912 2521 peresi
932 2444 1072 2494 ammam
1097 2420 1136 2497 Θ
1163 2443 1271 2517 corpus

206 2522 339 2621 'perdere
362 2528 399 2590 r'n
422 2525 615 2614 gehennam,
637 2523 735 2597 forte
759 2521 795 2595 id
819 2543 929 2599 unum
949 2544 1018 2594 nos
1043 2523 1178 2611 docet,
1211 2541 1271 2591 ex·

214 2638 354 2719 pertem
373 2620 441 2694 elle
460 2625 624 2717 corporis
641 2627 810 2711 anirnam3
840 2623 997 2696 autillud
1012 2621 1174 2715 insuper;
1201 2620 1273 2692 ani·

215 2744 309 2799 marn
331 2721 404 2796 sine
435 2741 592 2814 corpore
616 2723 728 2796 nullas
758 2743 880 2821 poenas
910 2720 979 2793 elle
1001 2720 1271 2815 persoluturam.
1321 2769 1327 2783 .

215 2819 277 2920 Dc
301 2824 552 2914 quofcorpore
572 2842 648 2909 quae
671 2820 713 2893 ad
732 2820 908 2911 speciem,
935 2842 977 2894 ac
1001 2824 1146 2912 primam
1163 2814 1275 2908 subje-

218 2919 309 2994 dlam
329 2923 510 2993 materiam
523 2921 744 3010 attinebant,
770 2920 878 3010 paulo
899 2935 982 2992 ante
996 2922 1147 2993 naturali
1165 2920 1274 2988 ratio·

217 3040 267 3096 ne
285 3017 515 3093 differuimus.
566 3020 618 3090 At
638 3038 730 3092 vero
751 3020 879 3093 ditium
893 3019 979 3091 illud
994 3017 1185 3109 Apostoli!
1215 3020 1279 3087 Vi·-

218 3124 366 3210 vifinrbr
380 3119 417 3194 (Η
440 3119 587 3190 mortalia
603 3120 705 3214 nostru
724 3141 869 3214 corporu3
896 3138 976 3197 cum
999 3118 1157 3192 nostrum
1181 3135 1278 3188 mor·

218 3219 346 3292 talcsrt
359 3217 511 3312 corpus}
537 3239 605 3293 nec
621 3239 716 3290 verae
733 3221 821 3315 vitat,
835 3219 1032 3313 particeps,
1058 3217 1148 3292 istud
1166 3216 1278 3309 ipsum

218 3322 401 3392 declarare
421 3317 566 3413 potest:
593 3314 806 3410 corpoream
826 3320 917 3391 banc
939 3317 1116 3412 speciem,
1143 3319 1187 3392 de
1209 3335 1279 3409 qua
1337 3314 1341 3333 “
1384 3326 1387 3339 ’

220 3433 328 3493 antea
348 3417 525 3509 diximus,
551 3439 627 3510 quae
644 3430 771 3490 natura
790 3419 951 3491 mortalis
973 3417 1050 3504 est,
1080 3423 1157 3489 Cum
1182 3418 1278 3486 Cirri-

218 3522 287 3619 βω
308 3525 489 3614 apparatur
508 3523 586 3588 uita
605 3517 725 3613 nostra,
752 3517 913 3612 &ipsam
934 3519 977 3590 ab
1002 3538 1049 3589 eo
1065 3515 1175 3610 statu,
1203 3536 1278 3606 quo
1366 3546 1371 3552 ·

221 3619 365 3719 peccati
380 3638 511 3709 corpus
524 3630 621 3708 erat,
642 3615 712 3691 esse
726 3615 1203 3709 mutandamrposteaquarn
1220 3614 1282 3688 sci·

221 3721 371 3816 licetab
389 3717 541 3790 uiviiico
559 3718 681 3808 spiritu
703 3717 746 3789 ad
770 3719 882 3790 vitam
895 3714 1063 3791 'restituta
1076 3717 1203 3805 fuerit,
1230 3729 1281 3786 at·

225 3841 297 3912 que
311 3820 348 3891 in
364 3816 553 3911 spiritalem
577 3833 738 3890 naturam
764 3816 951 3892 transterit.
1002 3815 1177 3890 Preterea
1194 3813 1285 3887 istud

224 3917 357 4014 ipsum:
382 3920 445 3988 Sed
466 3918 547 3988 dicet
563 3918 700 4014 aliquis:
728 3920 868 4013 quomodo
883 3917 1049 4009 resurgunt
1064 3922 1199 4003 mortui,
1225 3931 1284 3987 aut

225 4023 315 4118 quast
326 4044 394 4088 cum
408 4038 529 4111 corpore
543 4010 701 4087 venitur?
725 4019 838 4109 palam
853 4017 941 4089 illud
951 4017 1123 4110 ostendit,
1140 4019 1287 4109 primam

228 4118 421 4212 subjediarn
439 4118 624 4194 materiam
643 4117 744 4195 nullo
767 4117 880 4193 modo
904 4115 1121 4216 resurgere..
1150 4116 1294 4190 Namst
1375 4116 1377 4121 ’

224 4263 241 4280 .
1158 4216 1271 4288 redte.
