3075 4875
378 441 1077 564 senscruru'rsnl'mos,
1127 458 1132 473 “
1187 471 1259 569 2'19
1311 449 1355 466 ·’

193 633 396 714 membrum
410 651 519 705 omne
536 628 578 703 ad
593 629 691 712 nsum
708 630 860 724 aliquem
878 626 1048 721 asummo
1068 629 1134 702 illo
1154 624 1260 724 opili-

195 758 241 811 ce
262 736 303 809 srt
319 734 531 823 conditum,
557 747 633 805 tum
657 749 748 804 vero
767 735 893 822 dentes
914 728 1032 802 'solido
1056 734 1140 816 cibo
1162 753 1260 804 com·

196 832 396 910 minuendo
412 829 492 903 sunt
511 829 604 909 faui.
657 832 754 927 Quid
771 832 878 926 igitur
892 830 1059 906 dentibus
1080 851 1171 923 opus
1189 831 1269 906 illis*

179 933 276 1024 ''est,
304 935 363 1025 qui
390 931 481 1023 apud
502 929 638 1005 inferos
660 926 895 1007 cruciantur?
930 928 1021 1002 Non
1040 934 1155 1009 enim,
1182 931 1260 1024 opi·
1318 962 1327 972 ·

197 1052 292 1122 nor,
320 1031 507 1123 quicquam
521 1030 596 1105 illic
611 1026 968 1120 manducatoresesse
983 1029 1147 1102 dixerint.
1198 1029 1261 1103 Ad

197 1132 277 1210 h'aec
294 1130 450 1203 docendi
463 1127 565 1217 sunt,
592 1147 668 1205 non
686 1133 806 1206 omnia
825 1127 974 1224 perinde
990 1127 1195 1219 accipienda
1210 1127 1259 1201 es·
1357 1218 1359 1221 .

170 1221 174 1230 ’
199 1230 264 1324 se,
291 1252 332 1302 ac
354 1228 483 1323 scripta
507 1226 598 1305 sunt.
650 1231 774 1332 Quoue
798 1231 868 1302 alio
889 1232 977 1302 loco
1001 1227 1167 1324 scriptum
1188 1228 1259 1303 est:

202 1339 325 1403 Denuo
342 1351 533 1424 percussorum
548 1334 729 1421 coutrivrlii
774 1327 902 1415 ‘sltemt
931 1332 1037 1401 Musas
1057 1333 1261 1401 lemumcon·
1314 1383 1317 1388 .

195 1430 302 1528 fragor
323 1433 491 1501 Dominus.
543 1426 734 1522 Numquis
753 1427 1011 1506 adeostolidos
1032 1426 1107 1520 est,
1133 1442 1174 1502 ut
1198 1428 1264 1505 libi
1320 1427 1322 1432 ’
1351 1488 1355 1496 ,

201 1528 433 1625 persuadeat,
455 1527 574 1620 Deum
589 1525 777 1606 reservatis
797 1529 1028 1627 peccatorum
1043 1528 1260 1620 corporibus
1307 1549 1309 1553 ·
1359 1585 1360 1590 ,

203 1630 302 1702 solos
318 1628 442 1700 dentes
459 1626 678 1705 conterere?
704 1625 760 1702 Ut
775 1629 906 1726 igitur,
930 1631 992 1720 -qui
1003 1630 1078 1704 haec
1092 1630 1140 1701 ita
1156 1629 1190 1699 se
1201 1628 1261 1699 lra-

203 1729 293 1802 bere
308 1729 418 1807 uelit,
443 1727 480 1799 in
494 1725 666 1821 angustias
680 1727 864 1820 conjectus
883 1726 926 1805 ad
943 1727 1172 1823 allegoricum
1187 1725 1263 1799 sen·
1362 1733 1364 1738 ’

203 1829 280 1903 suni
304 1827 363 1897 vel
379 1828 514 1899 invitus
538 1826 713 1904 trahitur:
733 1827 784 1902 ¹stc
806 1826 852 1908 de
873 1826 1023 1899 stridore
1042 1827 1201 1899 dentium
1224 1826 1263 1898 in

199 1928 288 2019 his,
315 1927 374 2016 qui
399 1922 575 2017 suppliciis
592 1923 818 2011 afficiuntur,
844 1928 1024 2017 inquirere
1039 1926 1132 1999 idem
1149 1944 1264 2019 ¹opor-
1313 1931 1317 1936 ’
1347 1939 1349 1948 ·

205 2039 285 2099 tet:
319 2039 491 2116 quatenus
520 2026 633 2100 anima
656 2027 929 2104 cornmandendi
956 2027 1164 2114 nonnullam
1188 2026 1262 2097 vim

204 2127 337 2206 habet,
366 2145 433 2215 qua
450 2124 578 2199 ultimo
597 2125 659 2201 illo
674 2125 797 2220 judicii
814 2137 1000 2221 ternpore,
1027 2145 1106 2218 cum
1122 2124 1171 2197 de.
1182 2143 1271 2217 pecs

207 2228 296 2297 caris
325 2222 468 2314 quaestio
498 2224 713 2315 habebitur,
745 2226 893 2322 perinde
923 2239 965 2298 ut
993 2223 1113 2301 collidi
1134 2225 1263 2297 'dentes
1379 2251 1385 2264 r

178 2407 180 2418 ,
207 2323 347 2414 solent,
373 2324 512 2398 iratum
530 2322 696 2400 dentibus
713 2325 981 2420 quodammodo
998 2323 1169 2400 stridebit.
1221 2323 1264 2395 ll·

209 2427 274 2499 lud
302 2443 424 2514 vere,
462 2426 583 2496 'Irmete
614 2451 699 2512 eum,
733 2430 791 2523 qui
815 2426 909 2524 potess
929 2437 1068 2498 animam
1093 2424 1132 2501 si
1159 2447 1268 2520 corpur

202 2522 335 2622 'perone
358 2529 395 2592 ru
418 2526 611 2615 gehennam,
634 2525 732 2600 forte
756 2525 792 2599 id
815 2527 925 2602 unum
944 2530 1015 2599 ‘nos
1038 2527 1175 2616 docet,
1207 2545 1267 2596 ex·

210 2640 350 2718 portem
369 2622 437 2696 elle
455 2628 620 2719 corporis
637 2630 807 2713 animam3
836 2626 993 2698 autillud
1008 2625 1170 2719 insuper3
1197 2625 1269 2696 ani·

211 2745 305 2799 mam
328 2722 399 2796 srne
430 2743 588 2816 corpore
612 2726 725 2799 nullas
754 2746 876 2823 poenas
906 2723 975 2797 elle
997 2723 1266 2818 persoluturam.
1317 2774 1322 2788 ,

211 2820 273 2921 Dc
297 2841 380 2912 quo·
392 2842 548 2915 corpore
568 2844 644 2911 quae
667 2823 709 2896 ad
727 2821 904 2914 speciem,
931 2845 973 2896 ac
997 2828 1142 2916 primam
1160 2820 1271 2913 subje-

213 2920 305 2995 blam
324 2924 506 2994 materiam
519 2921 740 3012 attinebant,
766 2922 874 3012 paulo
895 2939 978 2996 ante
993 2928 1144 2997 naturali
1161 2926 1270 2992 ratio·

213 3042 263 3096 ne
281 3018 511 3095 disseruimus.
562 3022 726 3094 atvero
747 3022 876 3094 dicium
889 3023 976 3094 iliud
989 3021 1181 3113 Apostoli!
1211 3025 1275 3091 Vr·

214 3125 362 3211 vijirnbrt
376 3121 413 3195 (5
435 3120 582 3192 mortalia
598 3123 701 3216 uoftro
720 3143 865 3216 corporu5
892 3141 972 3200 cum
995 3121 1153 3196 nostrum
1177 3140 1274 3193 mor·

214 3220 341 3293 talesrt
354 3218 506 3314 corpus}
533 3241 601 3295 nec
616 3241 712 3292 verae
729 3223 817 3319 vitae,
831 3222 1027 3316 particeps,
1054 3221 1144 3295 istud
1162 3220 1273 3313 ipsum

213 3324 397 3394 declarare
417 3319 562 3415 potest:
588 3316 802 3412 corpoream
822 3323 913 3393 hanc
933 3319 1111 3416 speciem,
1138 3323 1183 3396 de
1204 3338 1275 3411 qua¹
1332 3316 1336 3336 “
1380 3330 1383 3344 ’

215 3435 323 3494 antea
343 3419 520 3511 diximus,
547 3441 622 3511 quae
639 3432 766 3492 natura
786 3422 946 3494 mortalis
969 3421 1045 3508 est,
1075 3427 1153 3492 Cum
1177 3422 1273 3489 chri·

213 3523 282 3620 sius
303 3527 484 3616 apparuerit
503 3525 582 3590 vira
600 3520 721 3616 unsre,
747 3520 908 3615 &ipsam
930 3523 973 3594 ab
997 3542 1044 3594 eo
1060 3519 1170 3615 statu,
1198 3539 1273 3610 quo
1347 3551 1366 3593 ,-

216 3620 360 3720 peccati
376 3641 507 3711 eorpus
519 3634 616 3710 erat,
638 3618 708 3694 elle
721 3621 946 3708 mutandam
970 3620 1199 3712 posteaquam
1215 3617 1278 3692 sci·

216 3723 307 3796 licet
324 3724 366 3793 ab
384 3719 536 3792 vivifico
554 3720 676 3810 spiritu
698 3718 742 3791 ud
766 3722 877 3792 vitam
897 3719 1058 3795 restituta
1071 3721 1198 3809 suerit,
1226 3731 1276 3790 at·

220 3842 293 3914 que
306 3812 343 3892 in
360 3818 734 3913 spiritalem-naturam
759 3819 946 3895 transierit.
997 3819 1172 3895 Praeterea
1188 3818 1280 3892 istud

219 3919 352 4015 ipsum:
377 3919 440 3990 Seu
461 3920 542 3989 dicet
558 3920 695 4016 aliquis:
723 3923 864 4015 quomodo
878 3920 1044 4013 resurgunt
1059 3926 1179 4005 suerrus
1185 3974 1194 4006 ,
1220 3935 1280 3991 aut

221 4025 310 4118 quau
321 4046 389 4089 cnm
402 4041 524 4113 corpore
538 4012 697 4089 venient?
720 4021 834 4111 palam
848 4019 936 4092 illud
947 4020 1118 4114 ostendit,
1134 4023 1282 4113 primam

224 4119 416 4213 subjeilam
433 4121 619 4196 materiam
638 4118 739 4199 nullo
763 4121 876 4195 modo
899 4118 1118 4219 resurgere..
1145 4120 1292 4194 Numi
1369 4120 1372 4126 ’

220 4263 236 4279 -
1155 4221 1269 4292 reste.
