3075 4875
397 385 1143 538 soirnrnrursnrmns..”
1205 465 1307 556 229·-

211 605 385 717 §aflorum
403 618 444 690 ¹&
458 638 571 693 nunc:
588 623 745 709 Adversus
762 624 938 693 Dominum
956 587 1273 710 &adverfirs'ffiffi
1336 625 1346 633 ..

206 719 291 819 stum
303 723 378 813 ejus.
428 718 518 791 Illud
533 736 651 794 autern
670 719 931 812 observandum
950 720 1025 803 est,
1040 720 1303 815 Septuaginta··.

217 818 253 889 bi
285 815 581 893 Theodotionem
615 818 733 892 omnia
769 822 806 893 in
837 822 1019 912 praeterito
1052 820 1273 913 exprimere3

214 908 386 1007 Aquilam
402 937 493 988 vero
514 918 625 990 modo
641 920 678 991 in
698 919 909 1012 preterito,
936 920 1048 991 modo
1066 920 1103 990 in
1121 918 1269 1006 futuro;

214 1016 465 1106 Symmachum
486 1034 605 1090 autem
622 1021 741 1092 omnia
760 1022 797 1091 in
810 1010 975 1111 'praesenti
994 1017 1167 1112 proferre.
1205 1017 1271 1088 So·

213 1116 292 1190 lent
307 1117 438 1207 quippe
453 1114 673 1213 septuaginta
687 1117 949 1213 sepenumero,
976 1140 1053 1210 quae
1069 1118 1114 1189 de
1126 1115 1267 1189 Christo
1291 1121 1293 1128 ’

213 1214 379 1307 praediola
396 1214 495 1308 sunt,
522 1238 564 1288 ea
582 1218 674 1307 quasi
690 1217 1026 1314 jamcoutlgissent,
1052 1218 1283 1309 enunciare,-

213 1316 309 1386 utin
335 1315 418 1386 illo:
447 1318 670 1390 moderamni
691 1320 785 1403 escam
809 1342 905 1387 meam
922 1319 993 1411 fel,
1020 1317 1058 1394 dy
1073 1325 1112 1386 iu
1128 1316 1186 1403 firi
1202 1331 1277 1387 mea·

211 1431 411 1511 potaverunt
426 1440 473 1485 me
488 1433 580 1494 aceto.
634 1419 901 1514 Diviseruntfibi
917 1419 1102 1513 vestimenta
1117 1443 1200 1502 mea,
1227 1419 1267 1491 U
1326 1427 1329 1436 “

206 1513 305 1605 super
325 1514 434 1609 vellem
453 1540 549 1585 meam
574 1516 724 1606 miserunt
738 1519 866 1607 sortem.
925 1514 996 1609 Et,
1024 1518 1157 1611 Populus
1178 1528 1268 1613 quein

214 1637 279 1683 aton
294 1618 439 1705 cognovi,
458 1620 602 1702 servivit
615 1619 731 1709 milri,
743 1622 781 1687 in
792 1619 905 1688 auditu
918 1624 1007 1686 auris
1019 1620 1157 1686 obedivit
1173 1617 1271 1687 mibi,
1318 1627 1320 1630 ’

211 1709 439 1785 Arbitramur
455 1729 574 1786 antem
588 1738 674 1807 eos,
701 1717 782 1809 quia
799 1717 899 1788 Deus
919 1717 1027 1799 novit
1041 1719 1182 1805 omnia,
1209 1736 1269 1787 an·

212 1823 356 1901 tequam
376 1810 486 1902 liant,
512 1814 617 1906 ideo,
643 1836 721 1905 quae
744 1817 790 1887 od
812 1813 986 1887 Christum
1003 1812 1268 1908 pertinent,&

213 1931 291 2001 quac
305 1913 341 1982 in
355 1911 606 1986 lncmnatione
626 1916 701 2005 ejus
718 1916 839 1987 sutura·
854 1931 976 2014 ¹erant,
1003 1914 1143 2001 dicere,
1170 1913 1268 2003 quod

210 2024 464 2101 reputarentur
475 2014 546 2104 jam
564 2012 725 2100 accidisse
744 2014 802 2101 el,
829 2014 889 2104 qui
913 2015 1007 2103 haec,
1036 2013 1095 2083 vel
1115 2012 1175 2083 illa
1194 2009 1267 2103 pas·

209 2109 310 2183 surus
335 2123 422 2185 erat.
475 2112 585 2183 Simili
602 2114 714 2187 modo
733 2113 766 2185 &
788 2112 938 2206 Spiritus
956 2110 1112 2202 sanetus,
1138 2110 1267 2200 siquid

201 2210 256 2289 ‚de
285 2209 349 2280 illo
373 2212 615 2302 pronunciat,
632 2212 687 2285 id
711 2227 879 2304 tanquam
899 2214 936 2284 ln
959 2210 1121 2304 praesenti
1146 2207 1282 2287 efferus

209 2308 301 2384 Non
324 2311 398 2383 hoc
422 2326 539 2388 autem
557 2311 731 2401 dicimus,
771 2312 864 2402 quasi
886 2333 1058 2403 nusquam
1081 2312 1117 2381 in
1140 2310 1265 2384 futuro

207 2417 377 2501 tempore
390 2413 652 2502 exprimantur,
679 2432 756 2504 quae
774 2411 823 2484 de
837 2433 883 2484 eo
896 2412 1147 2504 predicuntur.
1189 2411 1293 2480 Ecce¹

210 2509 324 2590 enim,
350 2495 489 2600 inquit,
516 2514 671 2609 inrediget
682 2532 762 2614 puer
777 2536 880 2604 meus,
903 2511 1200 2612 &glorificantem
1225 2509 1266 2584 b
1362 2519 1364 2524 '

208 2609 405 2681 exaltabitur
417 2611 526 2700 valde,
552 2608 618 2690 (sc.

236 2778 238 2783 ,
286 2710 521 2806 Dirumpamus,
535 2709 667 2782 vincula
692 2734 815 2800 eornm,
840 2708 927 2800 Uo]
972 2710 1154 2783 Videntur
1177 2708 1282 2785 mihi·

209 2803 362 2900 Angeli,
389 2812 447 2899 qui
468 2830 539 2882 una
563 2830 643 2883 cunr
664 2808 856 2882 Salvatore
876 2805 1150 2900 descenderant,
1175 2809 1281 2887 indis

209 2907 388 3000 gnabundi
408 2911 457 2982 ob
477 2910 704 2982 invisibilium
719 2929 844 3004 regum
862 2929 903 2979 ac
918 2911 1117 3001 principum
1135 2923 1265 2980 contra
1294 2956 1300 2963 ·

210 3004 383 3079 Christum
392 3007 543 3101 insidias,
561 3010 695 3103 primos
709 3007 795 3081 istos
811 3020 964 3102 quatuor
977 3005 1265 3098 verficulospro·
1300 3091 1304 3098 .

206 3103 401 3199 nuntiasse,
428 3107 571 3181 &simul
593 3107 849 3198 subdubitasle,
876 3105 920 3178 ad
940 3106 1024 3196 quid
1045 3105 1107 3177 ista
1122 3102 1262 3181 fierent.

205 3202 369 3296 Deinde,
396 3207 562 3296 quonlam
576 3207 638 3301 ipsi
656 3221 758 3282 erant
774 3207 834 3298 qui
848 3207 1011 3280 homines
1026 3206 1202 3301 ligabant,
1230 3204 1265 3276 δι

205 3301 305 3376 suum
334 3305 412 3396 ipsis
432 3307 554 3402 jugum
574 3307 828 3400 imponebant,
855 3306 904 3378 ait
928 3304 972 3377 ad
991 3303 1154 3400 Angelos
1181 3302 1265 3377 suos

205 3401 318 3477 Filius
332 3403 423 3494 Dei,
450 3406 642 3479 adhortans
661 3427 745 3498 eos,
770 3420 812 3478 ut
830 3401 864 3477 se
876 3405 1099 3477 imitarentur
1117 3404 1264 3475 vincula

203 3515 439 3595 peccatorum
461 3503 754 3599 disrumpentem,
781 3505 955 3599 &jugum
976 3503 1131 3597 lpsorum
1154 3498 1263 3594 proji·
1364 3540 1366 3546 ·

205 3603 373 3680 cientem.
423 3603 675 3702 Dirumpamus
694 3605 729 3676 δι
746 3624 815 3677 nos
837 3603 1001 3694 vincula,
1020 3603 1157 3692 ,qulbus
1177 3621 1262 3692 pec·

205 3714 330 3773 cantes
342 3702 439 3796 ligati
452 3702 588 3796 sumus,
604 3704 771 3794 quoniam
785 3703 927 3775 funibus
938 3715 1168 3794 peecatorum
1182 3690 1275 3773 lim-=

202 3820 282 3871 rum
306 3801 455 3890 quisque
474 3802 738 3898 constringitur.
790 3801 840 3873 Et
859 3801 958 3875 forte
978 3798 1117 3891 prestet
1129 3798 1264 3878 ,confe-

201 3896 279 3995 stim
296 3899 440 3972 vincula
456 3900 671 3994 disrumpere
686 3915 727 3974 ut
738 3899 905 3991 Samson,
932 3918 1040 3988 quam·
1053 3896 1260 3987 dissolvere,

200 3999 292 4075 licut
317 4015 503 4090 peccatum
525 3999 758 4093 Jerosolynio
781 3998 935 4071 solutum
960 3995 1056 4091 suit3
1091 3997 1260 4086 quoniam

200 4099 341 4193 recepit
361 4098 405 4179 de
423 4095 528 4176 manu
544 4098 693 4176 Domini
714 4099 871 4278 lduplicia
893 4111 1043 4195 peccata
1063 4094 1132 4169 sua.
1185 4093 1261 4187 Qui

553 4213 555 4217 ·
769 4218 790 4295 3
898 4213 901 4217 ’
1116 4212 1221 4264 uero

1324 4182 1335 4216 k
