<?xml version="1.0" encoding="UTF-8"?>
<!DOCTYPE html PUBLIC "-//W3C//DTD XHTML 1.0 Transitional//EN"
    "http://www.w3.org/TR/xhtml1/DTD/xhtml1-transitional.dtd">
<html xmlns="http://www.w3.org/1999/xhtml" xml:lang="en" lang="en">
 <head>
  <title>
</title>
<meta http-equiv="Content-Type" content="text/html;charset=utf-8" />
  <meta name='ocr-system' content='tesseract 3.04.00' />
  <meta name='ocr-capabilities' content='ocr_page ocr_carea ocr_par ocr_line ocrx_word'/>
</head>
<body>
  <div class='ocr_page' id='page_1' title='image "./operaomniasanct09unkngoog_0217.png"; bbox 0 0 3075 4875; ppageno 0'>
   <div class='ocr_carea' id='block_1_1' title="bbox 156 379 1376 3391">
    <p class='ocr_par' dir='ltr' id='par_1_1' title="bbox 194 379 1327 545">
     <span class='ocr_line' id='line_1_1' title="bbox 247 379 530 420; baseline 0 -28"><span class='ocrx_word' id='word_1_1' title='bbox 247 379 254 392; x_wconf 41' lang='lat' dir='ltr'><strong>s</strong></span> <span class='ocrx_word' id='word_1_2' title='bbox 363 407 367 418; x_wconf 27' lang='lat'><em>¹</em></span> <span class='ocrx_word' id='word_1_3' title='bbox 445 387 452 420; x_wconf 51' lang='grc'>,</span> <span class='ocrx_word' id='word_1_4' title='bbox 526 387 530 392; x_wconf 84' lang='grc'><em>,</em></span> 
     </span>
     <span class='ocr_line' id='line_1_2' title="bbox 194 430 1327 545; baseline 0.003 -21"><span class='ocrx_word' id='word_1_5' title='bbox 194 449 199 460; x_wconf 85' lang='grc'><strong>’</strong></span> <span class='ocrx_word' id='word_1_6' title='bbox 333 435 767 536; x_wconf 68' lang='lat' dir='ltr'><strong>&#39;SELEC‘EA</strong></span> <span class='ocrx_word' id='word_1_7' title='bbox 817 442 901 519; x_wconf 93' lang='lat' dir='ltr'><strong>IN</strong></span> <span class='ocrx_word' id='word_1_8' title='bbox 948 430 1118 543; x_wconf 79' lang='lat' dir='ltr'><strong>Jou&#39;</strong></span> <span class='ocrx_word' id='word_1_9' title='bbox 1203 470 1271 545; x_wconf 85' lang='lat'><strong>151</strong></span> <span class='ocrx_word' id='word_1_10' title='bbox 1323 445 1327 454; x_wconf 51' lang='lat'>‘</span> 
     </span>
    </p>

    <p class='ocr_par' dir='ltr' id='par_1_2' title="bbox 207 603 1376 903">
     <span class='ocr_line' id='line_1_3' title="bbox 207 603 1370 708; baseline -0.001 -28"><span class='ocrx_word' id='word_1_11' title='bbox 207 605 268 680; x_wconf 81' lang='lat' dir='ltr'><strong>sed</strong></span> <span class='ocrx_word' id='word_1_12' title='bbox 301 603 383 697; x_wconf 90' lang='lat' dir='ltr'><strong>quia</strong></span> <span class='ocrx_word' id='word_1_13' title='bbox 407 603 496 677; x_wconf 91' lang='lat' dir='ltr'><strong>nihil</strong></span> <span class='ocrx_word' id='word_1_14' title='bbox 520 603 630 697; x_wconf 87' lang='lat' dir='ltr'><strong>ipsum</strong></span> <span class='ocrx_word' id='word_1_15' title='bbox 663 606 794 699; x_wconf 83' lang='lat' dir='ltr'><strong>lateat,</strong></span> <span class='ocrx_word' id='word_1_16' title='bbox 830 619 1029 699; x_wconf 87' lang='lat' dir='ltr'><strong>omnesque</strong></span> <span class='ocrx_word' id='word_1_17' title='bbox 1060 628 1126 699; x_wconf 89' lang='lat' dir='ltr'><strong>per</strong></span> <span class='ocrx_word' id='word_1_18' title='bbox 1157 609 1270 708; x_wconf 89' lang='lat' dir='ltr'><strong>ipsum</strong></span> <span class='ocrx_word' id='word_1_19' title='bbox 1368 676 1370 679; x_wconf 81' lang='grc'><em>,</em></span> 
     </span>
     <span class='ocr_line' id='line_1_4' title="bbox 207 701 1376 805; baseline 0.003 -26"><span class='ocrx_word' id='word_1_20' title='bbox 207 706 567 800; x_wconf 83' lang='lat' dir='ltr'><strong>transrreoporteat,</strong></span> <span class='ocrx_word' id='word_1_21' title='bbox 588 725 718 800; x_wconf 84' lang='lat' dir='ltr'><strong>quare,</strong></span> <span class='ocrx_word' id='word_1_22' title='bbox 736 708 926 797; x_wconf 88' lang='lat' dir='ltr'><strong>quominus</strong></span> <span class='ocrx_word' id='word_1_23' title='bbox 945 708 982 781; x_wconf 90' lang='lat' dir='ltr'><strong>in</strong></span> <span class='ocrx_word' id='word_1_24' title='bbox 994 708 1172 803; x_wconf 85' lang='lat' dir='ltr'><strong>potestate</strong></span> <span class='ocrx_word' id='word_1_25' title='bbox 1194 701 1270 805; x_wconf 73' lang='lat' dir='ltr'><strong>ejus</strong></span> <span class='ocrx_word' id='word_1_26' title='bbox 1372 745 1376 766; x_wconf 64' lang='grc' dir='ltr'><strong><em>ι</em></strong></span> 
     </span>
     <span class='ocr_line' id='line_1_5' title="bbox 207 802 1324 903; baseline -0.001 -22"><span class='ocrx_word' id='word_1_27' title='bbox 207 806 454 892; x_wconf 84' lang='lat' dir='ltr'>detineamur,</span> <span class='ocrx_word' id='word_1_28' title='bbox 481 824 548 877; x_wconf 90' lang='lat' dir='ltr'><strong>nos</strong></span> <span class='ocrx_word' id='word_1_29' title='bbox 565 802 660 897; x_wconf 98' lang='lat' dir='ltr'><strong>ipsos</strong></span> <span class='ocrx_word' id='word_1_30' title='bbox 682 827 761 877; x_wconf 90' lang='lat' dir='ltr'><strong>cum</strong></span> <span class='ocrx_word' id='word_1_31' title='bbox 780 802 895 878; x_wconf 89' lang='lat' dir='ltr'><strong>studio</strong></span> <span class='ocrx_word' id='word_1_32' title='bbox 913 810 1149 903; x_wconf 86' lang='lat' dir='ltr'><strong>accingamur.</strong></span> <span class='ocrx_word' id='word_1_33' title='bbox 1204 823 1206 828; x_wconf 71' lang='grc'><strong>“</strong></span> <span class='ocrx_word' id='word_1_34' title='bbox 1321 809 1324 820; x_wconf 88' lang='grc'><em>’</em></span> 
     </span>
    </p>

    <p class='ocr_par' dir='ltr' id='par_1_3' title="bbox 209 905 1271 1101">
     <span class='ocr_line' id='line_1_6' title="bbox 286 905 1271 1003; baseline 0.008 -27"><span class='ocrx_word' id='word_1_35' title='bbox 286 908 333 976; x_wconf 84' lang='lat' dir='ltr'><strong>Et</strong></span> <span class='ocrx_word' id='word_1_36' title='bbox 345 906 424 975; x_wconf 82' lang='lat' dir='ltr'><strong>oculi</strong></span> <span class='ocrx_word' id='word_1_37' title='bbox 438 906 505 1001; x_wconf 78' lang='lat' dir='ltr'><strong>ejus</strong></span> <span class='ocrx_word' id='word_1_38' title='bbox 513 905 624 1000; x_wconf 79' lang='lat' dir='ltr'><strong>species</strong></span> <span class='ocrx_word' id='word_1_39' title='bbox 642 906 822 1000; x_wconf 68' lang='lat' dir='ltr'><strong>Luciferi]</strong></span> <span class='ocrx_word' id='word_1_40' title='bbox 850 906 958 978; x_wconf 87' lang='lat' dir='ltr'><strong>Oculi</strong></span> <span class='ocrx_word' id='word_1_41' title='bbox 979 910 1084 1003; x_wconf 85' lang='lat' dir='ltr'><strong>igitur</strong></span> <span class='ocrx_word' id='word_1_42' title='bbox 1100 910 1175 1001; x_wconf 88' lang='lat' dir='ltr'><strong>ejus</strong></span> <span class='ocrx_word' id='word_1_43' title='bbox 1191 931 1271 985; x_wconf 87' lang='lat' dir='ltr'><strong>non</strong></span> 
     </span>
     <span class='ocr_line' id='line_1_7' title="bbox 209 1001 1270 1101; baseline 0.008 -25"><span class='ocrx_word' id='word_1_44' title='bbox 209 1003 289 1090; x_wconf 85' lang='lat' dir='ltr'><strong>sunt</strong></span> <span class='ocrx_word' id='word_1_45' title='bbox 304 1004 483 1091; x_wconf 82' lang='lat' dir='ltr'><strong>Luciferi,</strong></span> <span class='ocrx_word' id='word_1_46' title='bbox 501 1001 559 1078; x_wconf 92' lang='lat' dir='ltr'><strong>sed</strong></span> <span class='ocrx_word' id='word_1_47' title='bbox 574 1004 859 1101; x_wconf 71' lang='lat' dir='ltr'><strong>Luciferispeca&#39;e15</strong></span> <span class='ocrx_word' id='word_1_48' title='bbox 885 1008 1160 1086; x_wconf 84' lang='lat' dir='ltr'><strong>transformatur</strong></span> <span class='ocrx_word' id='word_1_49' title='bbox 1174 1013 1270 1085; x_wconf 89' lang='lat' dir='ltr'><strong>enim</strong></span> 
     </span>
    </p>

    <p class='ocr_par' dir='ltr' id='par_1_4' title="bbox 157 1103 1283 1298">
     <span class='ocr_line' id='line_1_8' title="bbox 157 1103 1283 1204; baseline 0.005 -27"><span class='ocrx_word' id='word_1_50' title='bbox 157 1129 159 1140; x_wconf 91' lang='lat'>·</span> <span class='ocrx_word' id='word_1_51' title='bbox 209 1106 243 1177; x_wconf 90' lang='lat' dir='ltr'><strong>in</strong></span> <span class='ocrx_word' id='word_1_52' title='bbox 260 1103 444 1199; x_wconf 84' lang='lat' dir='ltr'><strong>Angelum</strong></span> <span class='ocrx_word' id='word_1_53' title='bbox 465 1103 579 1195; x_wconf 89' lang='lat' dir='ltr'><strong>lucis:</strong></span> <span class='ocrx_word' id='word_1_54' title='bbox 613 1105 749 1178; x_wconf 79' lang='lat' dir='ltr'><strong>simulat</strong></span> <span class='ocrx_word' id='word_1_55' title='bbox 770 1104 806 1179; x_wconf 92' lang='lat' dir='ltr'><strong>se</strong></span> <span class='ocrx_word' id='word_1_56' title='bbox 828 1103 900 1182; x_wconf 83' lang='lat' dir='ltr'><strong>else</strong></span> <span class='ocrx_word' id='word_1_57' title='bbox 918 1106 1008 1180; x_wconf 85' lang='lat' dir='ltr'><strong>sadus</strong></span> <span class='ocrx_word' id='word_1_58' title='bbox 1029 1107 1198 1204; x_wconf 87' lang='lat' dir='ltr'><strong>coeleste,</strong></span> <span class='ocrx_word' id='word_1_59' title='bbox 1234 1106 1283 1183; x_wconf 67' lang='lat' dir='ltr'><strong>dt*</strong></span> 
     </span>
     <span class='ocr_line' id='line_1_9' title="bbox 211 1204 714 1298; baseline -0.004 -21"><span class='ocrx_word' id='word_1_60' title='bbox 211 1204 278 1277; x_wconf 90' lang='lat' dir='ltr'><strong>diei</strong></span> <span class='ocrx_word' id='word_1_61' title='bbox 296 1204 495 1298; x_wconf 88' lang='lat' dir='ltr'><strong>symbolum</strong></span> <span class='ocrx_word' id='word_1_62' title='bbox 512 1205 714 1286; x_wconf 80' lang='lat' dir='ltr'><strong>ementitur.</strong></span> 
     </span>
    </p>

    <p class='ocr_par' dir='ltr' id='par_1_5' title="bbox 209 1296 1370 2095">
     <span class='ocr_line' id='line_1_10' title="bbox 281 1296 1268 1400; baseline 0.007 -27"><span class='ocrx_word' id='word_1_63' title='bbox 281 1304 381 1397; x_wconf 61' lang='lat' dir='ltr'><strong>Quas</strong></span> <span class='ocrx_word' id='word_1_64' title='bbox 393 1305 545 1398; x_wconf 83' lang='lat' dir='ltr'><strong>lampades</strong></span> <span class='ocrx_word' id='word_1_65' title='bbox 559 1307 714 1395; x_wconf 58' lang='lat' dir='ltr'><strong>accense]</strong></span> <span class='ocrx_word' id='word_1_66' title='bbox 741 1300 822 1400; x_wconf 83' lang='lat' dir='ltr'><strong>Ego</strong></span> <span class='ocrx_word' id='word_1_67' title='bbox 831 1303 981 1395; x_wconf 79' lang='lat' dir='ltr'><strong>¹quidem</strong></span> <span class='ocrx_word' id='word_1_68' title='bbox 995 1296 1127 1378; x_wconf 33' lang='lat' dir='ltr'><strong>omues*</strong></span> <span class='ocrx_word' id='word_1_69' title='bbox 1138 1306 1268 1399; x_wconf 84' lang='lat' dir='ltr'><strong>impios</strong></span> 
     </span>
     <span class='ocr_line' id='line_1_11' title="bbox 212 1403 1270 1498; baseline 0.003 -22"><span class='ocrx_word' id='word_1_70' title='bbox 212 1404 400 1477; x_wconf 87' lang='lat' dir='ltr'><strong>atheorum</strong></span> <span class='ocrx_word' id='word_1_71' title='bbox 422 1403 627 1498; x_wconf 89' lang='lat' dir='ltr'><strong>dogmatum</strong></span> <span class='ocrx_word' id='word_1_72' title='bbox 648 1404 819 1477; x_wconf 84' lang='lat' dir='ltr'><strong>authores</strong></span> <span class='ocrx_word' id='word_1_73' title='bbox 844 1427 886 1477; x_wconf 93' lang='lat' dir='ltr'><strong>os</strong></span> <span class='ocrx_word' id='word_1_74' title='bbox 910 1404 1075 1478; x_wconf 84' lang='lat' dir='ltr'><strong>draconis</strong></span> <span class='ocrx_word' id='word_1_75' title='bbox 1095 1404 1270 1480; x_wconf 85' lang='lat' dir='ltr'><strong>elsearbi-</strong></span> 
     </span>
     <span class='ocr_line' id='line_1_12' title="bbox 210 1502 1368 1600; baseline 0.003 -25"><span class='ocrx_word' id='word_1_76' title='bbox 210 1517 297 1593; x_wconf 78' lang='lat' dir='ltr'><strong>tror.</strong></span> <span class='ocrx_word' id='word_1_77' title='bbox 350 1503 487 1575; x_wconf 90' lang='lat' dir='ltr'><strong>Verum</strong></span> <span class='ocrx_word' id='word_1_78' title='bbox 508 1502 541 1576; x_wconf 71' lang='lat' dir='ltr'><strong>oc</strong></span> <span class='ocrx_word' id='word_1_79' title='bbox 563 1504 657 1579; x_wconf 88' lang='lat' dir='ltr'><strong>aliud</strong></span> <span class='ocrx_word' id='word_1_80' title='bbox 676 1505 783 1576; x_wconf 89' lang='lat' dir='ltr'><strong>etiam</strong></span> <span class='ocrx_word' id='word_1_81' title='bbox 799 1518 975 1597; x_wconf 84' lang='lat' dir='ltr'><strong>praeterea</strong></span> <span class='ocrx_word' id='word_1_82' title='bbox 994 1524 1062 1596; x_wconf 90' lang='lat' dir='ltr'><strong>per</strong></span> <span class='ocrx_word' id='word_1_83' title='bbox 1082 1508 1269 1600; x_wconf 88' lang='lat' dir='ltr'><strong>metapho·</strong></span> <span class='ocrx_word' id='word_1_84' title='bbox 1365 1569 1368 1572; x_wconf 96' lang='lat'>.</span> 
     </span>
     <span class='ocr_line' id='line_1_13' title="bbox 209 1602 1282 1699; baseline 0.005 -27"><span class='ocrx_word' id='word_1_85' title='bbox 209 1623 280 1675; x_wconf 88' lang='lat' dir='ltr'><strong>ram</strong></span> <span class='ocrx_word' id='word_1_86' title='bbox 303 1603 452 1697; x_wconf 84' lang='lat' dir='ltr'><strong>intelligi</strong></span> <span class='ocrx_word' id='word_1_87' title='bbox 478 1602 608 1695; x_wconf 76' lang='lat' dir='ltr'><strong>possit,</strong></span> <span class='ocrx_word' id='word_1_88' title='bbox 645 1604 826 1678; x_wconf 83' lang='lat' dir='ltr'><strong>sermones</strong></span> <span class='ocrx_word' id='word_1_89' title='bbox 854 1602 990 1676; x_wconf 86' lang='lat' dir='ltr'><strong>scilicet</strong></span> <span class='ocrx_word' id='word_1_90' title='bbox 1020 1604 1081 1693; x_wconf 79' lang='lat' dir='ltr'><strong>qui·</strong></span> <span class='ocrx_word' id='word_1_91' title='bbox 1102 1619 1282 1699; x_wconf 58' lang='lat' dir='ltr'><strong>enecant„</strong></span> 
     </span>
     <span class='ocr_line' id='line_1_14' title="bbox 210 1698 1268 1801; baseline 0.004 -28"><span class='ocrx_word' id='word_1_92' title='bbox 210 1702 399 1793; x_wconf 85' lang='lat' dir='ltr'><strong>Siquando</strong></span> <span class='ocrx_word' id='word_1_93' title='bbox 414 1698 635 1795; x_wconf 79' lang='lat' dir='ltr'><strong>sermonem,</strong></span> <span class='ocrx_word' id='word_1_94' title='bbox 661 1707 719 1794; x_wconf 87' lang='lat' dir='ltr'><strong>qui</strong></span> <span class='ocrx_word' id='word_1_95' title='bbox 732 1701 903 1798; x_wconf 84' lang='lat' dir='ltr'><strong>opificem</strong></span> <span class='ocrx_word' id='word_1_96' title='bbox 919 1702 1160 1797; x_wconf 85' lang='lat' dir='ltr'><strong>condemnet,</strong></span> <span class='ocrx_word' id='word_1_97' title='bbox 1179 1727 1268 1801; x_wconf 84' lang='lat' dir='ltr'><strong>prae·</strong></span> 
     </span>
     <span class='ocr_line' id='line_1_15' title="bbox 209 1799 1269 1900; baseline 0.004 -27"><span class='ocrx_word' id='word_1_98' title='bbox 209 1816 311 1875; x_wconf 86' lang='lat' dir='ltr'><strong>textu</strong></span> <span class='ocrx_word' id='word_1_99' title='bbox 329 1799 583 1890; x_wconf 85' lang='lat' dir='ltr'><strong>Christianismi</strong></span> <span class='ocrx_word' id='word_1_100' title='bbox 599 1803 774 1894; x_wconf 73' lang='lat' dir='ltr'><strong>audieris,</strong></span> <span class='ocrx_word' id='word_1_101' title='bbox 798 1802 999 1877; x_wconf 82' lang='lat' dir='ltr'><strong>Marcionis</strong></span> <span class='ocrx_word' id='word_1_102' title='bbox 1020 1803 1124 1876; x_wconf 91' lang='lat' dir='ltr'><strong>verbi</strong></span> <span class='ocrx_word' id='word_1_103' title='bbox 1141 1807 1269 1900; x_wconf 80' lang='lat' dir='ltr'><strong>gratia‚·</strong></span> 
     </span>
     <span class='ocr_line' id='line_1_16' title="bbox 209 1893 1267 1998; baseline 0.003 -25"><span class='ocrx_word' id='word_1_104' title='bbox 209 1901 413 1993; x_wconf 80' lang='lat' dir='ltr'><strong>Valentini,</strong></span> <span class='ocrx_word' id='word_1_105' title='bbox 440 1902 666 1976; x_wconf 89' lang='lat' dir='ltr'><strong>autBasrlidis</strong></span> <span class='ocrx_word' id='word_1_106' title='bbox 681 1903 847 1998; x_wconf 79' lang='lat' dir='ltr'><strong>dogmata</strong></span> <span class='ocrx_word' id='word_1_107' title='bbox 860 1893 1065 1993; x_wconf 75' lang='lat' dir='ltr'><strong>asserentis,</strong></span> <span class='ocrx_word' id='word_1_108' title='bbox 1088 1924 1171 1976; x_wconf 90' lang='lat' dir='ltr'><strong>cum</strong></span> <span class='ocrx_word' id='word_1_109' title='bbox 1187 1907 1267 1977; x_wconf 90' lang='lat' dir='ltr'><strong>coeli</strong></span> 
     </span>
     <span class='ocr_line' id='line_1_17' title="bbox 210 1999 1370 2095; baseline 0 -18"><span class='ocrx_word' id='word_1_110' title='bbox 210 2002 360 2077; x_wconf 77' lang='lat' dir='ltr'><strong>&amp;terrae</strong></span> <span class='ocrx_word' id='word_1_111' title='bbox 378 2017 580 2077; x_wconf 88' lang='lat' dir='ltr'><strong>creatorem</strong></span> <span class='ocrx_word' id='word_1_112' title='bbox 594 2003 823 2079; x_wconf 90' lang='lat' dir='ltr'><strong>contumeliis</strong></span> <span class='ocrx_word' id='word_1_113' title='bbox 839 1999 1092 2095; x_wconf 67' lang='lat' dir='ltr'><strong>profuderint,</strong></span> <span class='ocrx_word' id='word_1_114' title='bbox 1107 2003 1167 2075; x_wconf 87' lang='lat' dir='ltr'><strong>vel</strong></span> <span class='ocrx_word' id='word_1_115' title='bbox 1182 2005 1267 2095; x_wconf 87' lang='lat' dir='ltr'><strong>quid</strong></span> <span class='ocrx_word' id='word_1_116' title='bbox 1367 2055 1370 2062; x_wconf 87' lang='lat'>-</span> 
     </span>
    </p>

    <p class='ocr_par' dir='ltr' id='par_1_6' title="bbox 156 2092 1277 2499">
     <span class='ocr_line' id='line_1_18' title="bbox 156 2092 1277 2198; baseline 0.004 -25"><span class='ocrx_word' id='word_1_117' title='bbox 156 2193 158 2198; x_wconf 23' lang='grc' dir='ltr'>Ι</span> <span class='ocrx_word' id='word_1_118' title='bbox 208 2100 314 2174; x_wconf 77' lang='lat' dir='ltr'><strong>simile</strong></span> <span class='ocrx_word' id='word_1_119' title='bbox 335 2101 594 2195; x_wconf 84' lang='lat' dir='ltr'><strong>evomuerint,</strong></span> <span class='ocrx_word' id='word_1_120' title='bbox 614 2092 724 2175; x_wconf 76' lang='lat' dir='ltr'><strong>faces</strong></span> <span class='ocrx_word' id='word_1_121' title='bbox 746 2124 791 2174; x_wconf 85' lang='lat' dir='ltr'><strong>ex</strong></span> <span class='ocrx_word' id='word_1_122' title='bbox 817 2099 963 2176; x_wconf 83' lang='lat' dir='ltr'><strong>illoru&#39;m</strong></span> <span class='ocrx_word' id='word_1_123' title='bbox 988 2123 1058 2175; x_wconf 91' lang='lat' dir='ltr'><strong>ore</strong></span> <span class='ocrx_word' id='word_1_124' title='bbox 1077 2105 1277 2196; x_wconf 87' lang='lat' dir='ltr'><strong>erumpere·</strong></span> 
     </span>
     <span class='ocr_line' id='line_1_19' title="bbox 209 2201 1264 2297; baseline 0.003 -24"><span class='ocrx_word' id='word_1_125' title='bbox 209 2201 480 2276; x_wconf 87' lang='lat' dir='ltr'><strong>animadvertes.</strong></span> <span class='ocrx_word' id='word_1_126' title='bbox 514 2201 574 2274; x_wconf 89' lang='lat' dir='ltr'><strong>Ne</strong></span> <span class='ocrx_word' id='word_1_127' title='bbox 588 2202 695 2297; x_wconf 87' lang='lat' dir='ltr'><strong>igitur</strong></span> <span class='ocrx_word' id='word_1_128' title='bbox 713 2202 903 2292; x_wconf 89' lang='lat' dir='ltr'><strong>aliquando</strong></span> <span class='ocrx_word' id='word_1_129' title='bbox 919 2204 1097 2292; x_wconf 87' lang='lat' dir='ltr'><strong>lampades</strong></span> <span class='ocrx_word' id='word_1_130' title='bbox 1115 2204 1182 2273; x_wconf 86' lang='lat' dir='ltr'><strong>illae</strong></span> <span class='ocrx_word' id='word_1_131' title='bbox 1195 2225 1264 2277; x_wconf 90' lang='lat' dir='ltr'><strong>nos</strong></span> 
     </span>
     <span class='ocr_line' id='line_1_20' title="bbox 208 2300 1269 2399; baseline 0.005 -27"><span class='ocrx_word' id='word_1_132' title='bbox 208 2301 378 2393; x_wconf 88' lang='lat' dir='ltr'><strong>adurant,</strong></span> <span class='ocrx_word' id='word_1_133' title='bbox 406 2313 466 2372; x_wconf 89' lang='lat' dir='ltr'><strong>aut</strong></span> <span class='ocrx_word' id='word_1_134' title='bbox 488 2300 579 2396; x_wconf 86' lang='lat' dir='ltr'><strong>ignis</strong></span> <span class='ocrx_word' id='word_1_135' title='bbox 598 2302 738 2378; x_wconf 90' lang='lat' dir='ltr'><strong>flamma</strong></span> <span class='ocrx_word' id='word_1_136' title='bbox 759 2302 934 2399; x_wconf 70' lang='lat' dir='ltr'><strong>atti-ngat,</strong></span> <span class='ocrx_word' id='word_1_137' title='bbox 956 2303 1062 2379; x_wconf 87' lang='lat' dir='ltr'><strong>nobis</strong></span> <span class='ocrx_word' id='word_1_138' title='bbox 1081 2304 1160 2399; x_wconf 79' lang='lat' dir='ltr'><strong>ipsls</strong></span> <span class='ocrx_word' id='word_1_139' title='bbox 1190 2304 1269 2392; x_wconf 58' lang='lat' dir='ltr'><strong>dili,</strong></span> 
     </span>
     <span class='ocr_line' id='line_1_21' title="bbox 207 2415 1226 2499; baseline -0.007 -23"><span class='ocrx_word' id='word_1_140' title='bbox 207 2415 331 2499; x_wconf 89' lang='lat' dir='ltr'><strong>genter</strong></span> <span class='ocrx_word' id='word_1_141' title='bbox 357 2422 557 2476; x_wconf 86' lang='lat' dir='ltr'><strong>caveamus.</strong></span> <span class='ocrx_word' id='word_1_142' title='bbox 1220 2457 1226 2469; x_wconf 74' lang='grc'>,</span> 
     </span>
    </p>

    <p class='ocr_par' dir='ltr' id='par_1_7' title="bbox 202 2500 1352 3391">
     <span class='ocr_line' id='line_1_22' title="bbox 279 2500 1267 2597; baseline 0.003 -24"><span class='ocrx_word' id='word_1_143' title='bbox 279 2507 455 2573; x_wconf 78' lang='lat' dir='ltr'><strong>Antaeum</strong></span> <span class='ocrx_word' id='word_1_144' title='bbox 485 2507 589 2572; x_wconf 78' lang='lat' dir='ltr'><strong>currit</strong></span> <span class='ocrx_word' id='word_1_145' title='bbox 615 2503 780 2597; x_wconf 76' lang='lat' dir='ltr'><strong>perditio]</strong></span> <span class='ocrx_word' id='word_1_146' title='bbox 808 2501 972 2578; x_wconf 85' lang='lat' dir='ltr'><strong>Perditio</strong></span> <span class='ocrx_word' id='word_1_147' title='bbox 988 2500 1158 2592; x_wconf 77' lang='lat' dir='ltr'><strong>tanqua-m</strong></span> <span class='ocrx_word' id='word_1_148' title='bbox 1179 2522 1267 2594; x_wconf 79' lang='lat' dir='ltr'><strong>prae-</strong></span> 
     </span>
     <span class='ocr_line' id='line_1_23' title="bbox 207 2599 1266 2695; baseline 0.003 -22"><span class='ocrx_word' id='word_1_149' title='bbox 207 2601 329 2674; x_wconf 89' lang='lat' dir='ltr'><strong>cursor</strong></span> <span class='ocrx_word' id='word_1_150' title='bbox 344 2602 420 2692; x_wconf 82' lang='lat' dir='ltr'><strong>ejus</strong></span> <span class='ocrx_word' id='word_1_151' title='bbox 438 2599 509 2695; x_wconf 83' lang='lat' dir='ltr'><strong>est,</strong></span> <span class='ocrx_word' id='word_1_152' title='bbox 537 2601 676 2694; x_wconf 79' lang='lat' dir='ltr'><strong>&amp;quast</strong></span> <span class='ocrx_word' id='word_1_153' title='bbox 690 2601 829 2677; x_wconf 86' lang='lat' dir='ltr'><strong>satelles</strong></span> <span class='ocrx_word' id='word_1_154' title='bbox 846 2622 929 2677; x_wconf 88' lang='lat' dir='ltr'><strong>eum</strong></span> <span class='ocrx_word' id='word_1_155' title='bbox 941 2601 1065 2693; x_wconf 82' lang='lat' dir='ltr'><strong>stipat3·</strong></span> <span class='ocrx_word' id='word_1_156' title='bbox 1092 2622 1266 2694; x_wconf 85' lang='lat' dir='ltr'><strong>quocum·</strong></span> 
     </span>
     <span class='ocr_line' id='line_1_24' title="bbox 207 2697 1266 2796; baseline 0.002 -24"><span class='ocrx_word' id='word_1_157' title='bbox 207 2722 275 2792; x_wconf 88' lang='lat' dir='ltr'><strong>que</strong></span> <span class='ocrx_word' id='word_1_158' title='bbox 300 2697 431 2796; x_wconf 77' lang='lat' dir='ltr'><strong>gressus</strong></span> <span class='ocrx_word' id='word_1_159' title='bbox 456 2705 711 2793; x_wconf 84' lang='lat' dir='ltr'><strong>converterit,</strong></span> <span class='ocrx_word' id='word_1_160' title='bbox 744 2701 903 2792; x_wconf 85' lang='lat' dir='ltr'><strong>perditio</strong></span> <span class='ocrx_word' id='word_1_161' title='bbox 925 2701 1131 2796; x_wconf 80' lang='lat' dir='ltr'><strong>praecurrit,</strong></span> <span class='ocrx_word' id='word_1_162' title='bbox 1158 2719 1266 2792; x_wconf 89' lang='lat' dir='ltr'><strong>atque</strong></span> 
     </span>
     <span class='ocr_line' id='line_1_25' title="bbox 204 2785 1284 2896; baseline -0.001 -23"><span class='ocrx_word' id='word_1_163' title='bbox 204 2803 254 2874; x_wconf 90' lang='lat' dir='ltr'><strong>ita</strong></span> <span class='ocrx_word' id='word_1_164' title='bbox 269 2799 589 2896; x_wconf 74' lang='lat' dir='ltr'><strong>postmodum-ipse</strong></span> <span class='ocrx_word' id='word_1_165' title='bbox 609 2802 790 2888; x_wconf 79' lang='lat' dir='ltr'><strong>subintrat.</strong></span> <span class='ocrx_word' id='word_1_166' title='bbox 842 2799 964 2875; x_wconf 90' lang='lat' dir='ltr'><strong>Nemo</strong></span> <span class='ocrx_word' id='word_1_167' title='bbox 983 2801 1176 2874; x_wconf 85' lang='lat' dir='ltr'><strong>draconem</strong></span> <span class='ocrx_word' id='word_1_168' title='bbox 1199 2785 1284 2875; x_wconf 68' lang='lat' dir='ltr'><strong>su&#39;sl.</strong></span> 
     </span>
     <span class='ocr_line' id='line_1_26' title="bbox 205 2900 1265 2998; baseline 0.003 -26"><span class='ocrx_word' id='word_1_169' title='bbox 205 2901 325 2997; x_wconf 86' lang='lat' dir='ltr'><strong>cipit,</strong></span> <span class='ocrx_word' id='word_1_170' title='bbox 365 2901 423 2992; x_wconf 87' lang='lat' dir='ltr'><strong>qui</strong></span> <span class='ocrx_word' id='word_1_171' title='bbox 443 2921 520 2973; x_wconf 90' lang='lat' dir='ltr'><strong>non</strong></span> <span class='ocrx_word' id='word_1_172' title='bbox 544 2903 640 2993; x_wconf 65' lang='lat' dir='ltr'><strong>prius</strong></span> <span class='ocrx_word' id='word_1_173' title='bbox 667 2901 905 2994; x_wconf 88' lang='lat' dir='ltr'><strong>perditionem</strong></span> <span class='ocrx_word' id='word_1_174' title='bbox 931 2901 1130 2993; x_wconf 86' lang='lat' dir='ltr'><strong>susceperit.</strong></span> <span class='ocrx_word' id='word_1_175' title='bbox 1190 2900 1265 2998; x_wconf 88' lang='lat' dir='ltr'><strong>Qui</strong></span> 
     </span>
     <span class='ocr_line' id='line_1_27' title="bbox 204 2996 1308 3094; baseline -0.004 -21"><span class='ocrx_word' id='word_1_176' title='bbox 204 3002 299 3074; x_wconf 87' lang='lat' dir='ltr'><strong>enim</strong></span> <span class='ocrx_word' id='word_1_177' title='bbox 330 3013 520 3094; x_wconf 86' lang='lat' dir='ltr'><strong>peccatum</strong></span> <span class='ocrx_word' id='word_1_178' title='bbox 548 2999 723 3090; x_wconf 42' lang='lat' dir='ltr'><strong>adnisus</strong></span> <span class='ocrx_word' id='word_1_179' title='bbox 747 3015 988 3094; x_wconf 75' lang='lat' dir='ltr'><strong>praeceptores</strong></span> <span class='ocrx_word' id='word_1_180' title='bbox 1019 3001 1162 3071; x_wconf 90' lang='lat' dir='ltr'><strong>auribus</strong></span> <span class='ocrx_word' id='word_1_181' title='bbox 1182 3022 1265 3093; x_wconf 87' lang='lat' dir='ltr'><strong>pru·</strong></span> <span class='ocrx_word' id='word_1_182' title='bbox 1297 2996 1308 3062; x_wconf 60' lang='grc' dir='ltr'>Ὺ</span> 
     </span>
     <span class='ocr_line' id='line_1_28' title="bbox 202 3097 1263 3194; baseline 0 -24"><span class='ocrx_word' id='word_1_183' title='bbox 202 3105 297 3172; x_wconf 90' lang='lat' dir='ltr'><strong>riens</strong></span> <span class='ocrx_word' id='word_1_184' title='bbox 318 3101 497 3194; x_wconf 88' lang='lat' dir='ltr'><strong>periturus</strong></span> <span class='ocrx_word' id='word_1_185' title='bbox 520 3102 638 3191; x_wconf 83' lang='lat' dir='ltr'><strong>petit3</strong></span> <span class='ocrx_word' id='word_1_186' title='bbox 676 3121 717 3170; x_wconf 86' lang='lat' dir='ltr'><strong>ae</strong></span> <span class='ocrx_word' id='word_1_187' title='bbox 740 3098 923 3194; x_wconf 86' lang='lat' dir='ltr'><strong>magistros</strong></span> <span class='ocrx_word' id='word_1_188' title='bbox 946 3119 1132 3189; x_wconf 80' lang='lat' dir='ltr'><strong>quaerens,</strong></span> <span class='ocrx_word' id='word_1_189' title='bbox 1167 3097 1263 3191; x_wconf 90' lang='lat' dir='ltr'><strong>post·</strong></span> 
     </span>
     <span class='ocr_line' id='line_1_29' title="bbox 203 3197 1263 3292; baseline 0.002 -21"><span class='ocrx_word' id='word_1_190' title='bbox 203 3221 308 3290; x_wconf 86' lang='lat' dir='ltr'><strong>quam</strong></span> <span class='ocrx_word' id='word_1_191' title='bbox 329 3201 494 3292; x_wconf 70' lang='lat' dir='ltr'><strong>perierit,</strong></span> <span class='ocrx_word' id='word_1_192' title='bbox 522 3202 713 3272; x_wconf 89' lang='lat' dir='ltr'><strong>draconem</strong></span> <span class='ocrx_word' id='word_1_193' title='bbox 729 3199 892 3291; x_wconf 84' lang='lat' dir='ltr'><strong>invenit,</strong></span> <span class='ocrx_word' id='word_1_194' title='bbox 919 3197 1099 3292; x_wconf 90' lang='lat' dir='ltr'><strong>ipsumque</strong></span> <span class='ocrx_word' id='word_1_195' title='bbox 1116 3211 1176 3272; x_wconf 93' lang='lat' dir='ltr'><strong>tot</strong></span> <span class='ocrx_word' id='word_1_196' title='bbox 1191 3221 1263 3273; x_wconf 87' lang='lat' dir='ltr'><strong>ma·</strong></span> 
     </span>
     <span class='ocr_line' id='line_1_30' title="bbox 202 3296 1352 3391; baseline -0.005 -20"><span class='ocrx_word' id='word_1_197' title='bbox 202 3301 245 3372; x_wconf 91' lang='lat' dir='ltr'><strong>lis</strong></span> <span class='ocrx_word' id='word_1_198' title='bbox 260 3299 434 3374; x_wconf 88' lang='lat' dir='ltr'><strong>refertum</strong></span> <span class='ocrx_word' id='word_1_199' title='bbox 449 3301 562 3374; x_wconf 88' lang='lat' dir='ltr'><strong>anima</strong></span> <span class='ocrx_word' id='word_1_200' title='bbox 580 3299 638 3372; x_wconf 90' lang='lat' dir='ltr'><strong>sua</strong></span> <span class='ocrx_word' id='word_1_201' title='bbox 658 3301 806 3391; x_wconf 86' lang='lat' dir='ltr'><strong>excipit.</strong></span> <span class='ocrx_word' id='word_1_202' title='bbox 1344 3296 1352 3323; x_wconf 46' lang='lat' dir='ltr'><strong>l</strong></span> 
     </span>
    </p>
   </div>
   <div class='ocr_carea' id='block_1_2' title="bbox 585 3458 886 3535">
    <p class='ocr_par' dir='ltr' id='par_1_8' title="bbox 585 3458 886 3535">
     <span class='ocr_line' id='line_1_31' title="bbox 585 3458 886 3535; baseline 0.007 -3"><span class='ocrx_word' id='word_1_203' title='bbox 585 3458 615 3532; x_wconf 90' lang='lat' dir='ltr'>C</span> <span class='ocrx_word' id='word_1_204' title='bbox 640 3482 664 3532; x_wconf 81' lang='lat' dir='ltr'><strong>a</strong></span> <span class='ocrx_word' id='word_1_205' title='bbox 690 3483 722 3535; x_wconf 79' lang='lat' dir='ltr'><strong>r.</strong></span> <span class='ocrx_word' id='word_1_206' title='bbox 775 3459 886 3534; x_wconf 87' lang='lat' dir='ltr'><strong>XLII.</strong></span> 
     </span>
    </p>
   </div>
   <div class='ocr_carea' id='block_1_3' title="bbox 165 3598 1276 4089">
    <p class='ocr_par' dir='ltr' id='par_1_9' title="bbox 165 3598 1276 4089">
     <span class='ocr_line' id='line_1_32' title="bbox 279 3598 1261 3699; baseline 0.003 -26"><span class='ocrx_word' id='word_1_207' title='bbox 279 3601 379 3673; x_wconf 78' lang='lat' dir='ltr'><strong>Dedit</strong></span> <span class='ocrx_word' id='word_1_208' title='bbox 389 3616 494 3670; x_wconf 84' lang='lat' dir='ltr'><strong>autem</strong></span> <span class='ocrx_word' id='word_1_209' title='bbox 506 3605 661 3671; x_wconf 70' lang='lat' dir='ltr'><strong>Dominus</strong></span> <span class='ocrx_word' id='word_1_210' title='bbox 671 3598 796 3694; x_wconf 72' lang='lat' dir='ltr'><strong>dupla]</strong></span> <span class='ocrx_word' id='word_1_211' title='bbox 811 3603 883 3699; x_wconf 87' lang='lat' dir='ltr'><strong>Qui</strong></span> <span class='ocrx_word' id='word_1_212' title='bbox 899 3602 1005 3697; x_wconf 84' lang='lat' dir='ltr'><strong>igitur</strong></span> <span class='ocrx_word' id='word_1_213' title='bbox 1020 3599 1261 3683; x_wconf 77' lang='lat' dir='ltr'><strong>tentationem</strong></span> 
     </span>
     <span class='ocr_line' id='line_1_33' title="bbox 203 3697 1262 3795; baseline -0.002 -23"><span class='ocrx_word' id='word_1_214' title='bbox 203 3721 345 3772; x_wconf 88' lang='lat' dir='ltr'><strong>omnem</strong></span> <span class='ocrx_word' id='word_1_215' title='bbox 355 3699 474 3792; x_wconf 78' lang='lat' dir='ltr'><strong>subiit,</strong></span> <span class='ocrx_word' id='word_1_216' title='bbox 483 3721 550 3793; x_wconf 91' lang='lat' dir='ltr'><strong>pro</strong></span> <span class='ocrx_word' id='word_1_217' title='bbox 561 3698 815 3794; x_wconf 82' lang='lat' dir='ltr'><strong>patientiaesuae</strong></span> <span class='ocrx_word' id='word_1_218' title='bbox 824 3702 984 3795; x_wconf 71' lang='lat' dir='ltr'><strong>praemm,</strong></span> <span class='ocrx_word' id='word_1_219' title='bbox 995 3697 1152 3790; x_wconf 69' lang='lat' dir='ltr'><strong>respestu</strong></span> <span class='ocrx_word' id='word_1_220' title='bbox 1164 3700 1262 3791; x_wconf 83' lang='lat' dir='ltr'><strong>prio·</strong></span> 
     </span>
     <span class='ocr_line' id='line_1_34' title="bbox 165 3799 1267 3895; baseline -0.001 -24"><span class='ocrx_word' id='word_1_221' title='bbox 165 3831 180 3890; x_wconf 67' lang='lat' dir='ltr'><em>j</em></span> <span class='ocrx_word' id='word_1_222' title='bbox 201 3822 278 3871; x_wconf 86' lang='lat' dir='ltr'><strong>rum</strong></span> <span class='ocrx_word' id='word_1_223' title='bbox 290 3802 395 3890; x_wconf 82' lang='lat' dir='ltr'><strong>dupla</strong></span> <span class='ocrx_word' id='word_1_224' title='bbox 410 3799 759 3874; x_wconf 87' lang='lat' dir='ltr'><strong>omniasortitusest:</strong></span> <span class='ocrx_word' id='word_1_225' title='bbox 788 3799 911 3895; x_wconf 83' lang='lat' dir='ltr'><strong>(Deus</strong></span> <span class='ocrx_word' id='word_1_226' title='bbox 929 3820 1019 3870; x_wconf 84' lang='lat' dir='ltr'><strong>uero</strong></span> <span class='ocrx_word' id='word_1_227' title='bbox 1028 3802 1169 3890; x_wconf 80' lang='lat' dir='ltr'><strong>praemia</strong></span> <span class='ocrx_word' id='word_1_228' title='bbox 1182 3818 1267 3870; x_wconf 88' lang='lat' dir='ltr'><strong>non·</strong></span> 
     </span>
     <span class='ocr_line' id='line_1_35' title="bbox 202 3897 1276 3994; baseline -0.007 -23"><span class='ocrx_word' id='word_1_229' title='bbox 202 3911 339 3972; x_wconf 84' lang='lat' dir='ltr'><strong>tantum</strong></span> <span class='ocrx_word' id='word_1_230' title='bbox 360 3901 490 3988; x_wconf 61' lang='lat' dir='ltr'><strong>duplm</strong></span> <span class='ocrx_word' id='word_1_231' title='bbox 512 3899 568 3971; x_wconf 89' lang='lat' dir='ltr'><strong>sed</strong></span> <span class='ocrx_word' id='word_1_232' title='bbox 587 3903 759 3992; x_wconf 91' lang='lat' dir='ltr'><strong>centuplo</strong></span> <span class='ocrx_word' id='word_1_233' title='bbox 775 3902 879 3972; x_wconf 86' lang='lat' dir='ltr'><strong>etiam</strong></span> <span class='ocrx_word' id='word_1_234' title='bbox 901 3901 1072 3990; x_wconf 83' lang='lat' dir='ltr'><strong>ampliora</strong></span> <span class='ocrx_word' id='word_1_235' title='bbox 1089 3897 1276 3994; x_wconf 83' lang='lat' dir='ltr'><strong>largitur)</strong></span> 
     </span>
     <span class='ocr_line' id='line_1_36' title="bbox 201 3994 1259 4089; baseline -0.006 -17"><span class='ocrx_word' id='word_1_236' title='bbox 201 4021 276 4073; x_wconf 91' lang='lat' dir='ltr'><strong>non</strong></span> <span class='ocrx_word' id='word_1_237' title='bbox 291 4021 385 4072; x_wconf 85' lang='lat' dir='ltr'><strong>vero</strong></span> <span class='ocrx_word' id='word_1_238' title='bbox 404 4000 585 4088; x_wconf 83' lang='lat' dir='ltr'><strong>prioribus</strong></span> <span class='ocrx_word' id='word_1_239' title='bbox 600 4001 709 4088; x_wconf 87' lang='lat' dir='ltr'><strong>duplo</strong></span> <span class='ocrx_word' id='word_1_240' title='bbox 728 4003 862 4087; x_wconf 84' lang='lat' dir='ltr'><strong>majora</strong></span> <span class='ocrx_word' id='word_1_241' title='bbox 877 3994 1086 4089; x_wconf 84' lang='lat' dir='ltr'><strong>accepisset,</strong></span> <span class='ocrx_word' id='word_1_242' title='bbox 1113 3997 1136 4070; x_wconf 84' lang='lat' dir='ltr'><strong>sr</strong></span> <span class='ocrx_word' id='word_1_243' title='bbox 1153 3995 1259 4067; x_wconf 89' lang='lat' dir='ltr'><strong>animi</strong></span> 
     </span>
    </p>
   </div>
   <div class='ocr_carea' id='block_1_4' title="bbox 202 4095 1360 4294">
    <p class='ocr_par' dir='ltr' id='par_1_10' title="bbox 202 4095 1360 4294">
     <span class='ocr_line' id='line_1_37' title="bbox 202 4095 1360 4190; baseline -0.003 -19"><span class='ocrx_word' id='word_1_244' title='bbox 202 4101 376 4174; x_wconf 88' lang='lat' dir='ltr'><strong>virtutem</strong></span> <span class='ocrx_word' id='word_1_245' title='bbox 393 4099 690 4175; x_wconf 87' lang='lat' dir='ltr'><strong>&amp;fortitudinem</strong></span> <span class='ocrx_word' id='word_1_246' title='bbox 711 4099 853 4190; x_wconf 82' lang='lat' dir='ltr'><strong>duplam</strong></span> <span class='ocrx_word' id='word_1_247' title='bbox 869 4119 946 4173; x_wconf 90' lang='lat' dir='ltr'><strong>non</strong></span> <span class='ocrx_word' id='word_1_248' title='bbox 963 4095 1194 4171; x_wconf 76' lang='lat' dir='ltr'><strong>ostendisset..</strong></span> <span class='ocrx_word' id='word_1_249' title='bbox 1326 4175 1334 4180; x_wconf 57' lang='grc'><strong>,</strong></span> <span class='ocrx_word' id='word_1_250' title='bbox 1357 4136 1360 4143; x_wconf 89' lang='lat'><em>-</em></span> 
     </span>
     <span class='ocr_line' id='line_1_38' title="bbox 417 4191 1277 4294; baseline 0.01 -27"><span class='ocrx_word' id='word_1_251' title='bbox 417 4208 430 4233; x_wconf 70' lang='lat'>²</span> <span class='ocrx_word' id='word_1_252' title='bbox 693 4197 781 4294; x_wconf 88' lang='lat' dir='ltr'><strong>K4</strong></span> <span class='ocrx_word' id='word_1_253' title='bbox 891 4208 894 4213; x_wconf 78' lang='grc'><strong>’</strong></span> <span class='ocrx_word' id='word_1_254' title='bbox 1062 4191 1277 4276; x_wconf 40' lang='lat' dir='ltr'><strong>duffii-t</strong></span> 
     </span>
    </p>
   </div>
   <div class='ocr_carea' id='block_1_5' title="bbox 0 0 1542 4875">
    <p class='ocr_par' dir='ltr' id='par_1_11' title="bbox 0 0 1542 4875">
     <span class='ocr_line' id='line_1_39' title="bbox 0 0 1542 4875; baseline 0 1"><span class='ocrx_word' id='word_1_255' title='bbox 0 0 1542 4875; x_wconf 95' lang='lat' dir='ltr'><strong> </strong></span> 
     </span>
    </p>
   </div>
  </div>
 </body>
</html>
