3075 4875
255 424 285 508 V
355 402 634 567 mimium
653 453 962 543 REGNORUM.
987 411 1118 538 nom.
1139 459 1173 538 r.
1249 485 1291 558 rr
1370 513 1372 518 ·

231 625 373 701 tristata
387 625 437 701 est
452 625 577 718 Anna,
603 625 723 720 quod,
750 647 831 699 cunr
848 623 1208 724 acceperittsenenna
1219 627 1295 719 plu·

232 727 343 800 tinias
361 726 553 819 portiones
575 747 655 800 cum
673 725 782 815 siliis,
806 724 878 818 ipsa
891 722 997 796 unam
1015 722 1123 796 solam
1147 734 1295 818 accepe,

234 830 283 901 rit
293 840 454 919 partem,
483 826 611 924 &quia
626 828 704 900 hoc
718 826 847 901 dolore
859 822 1018 922 perculsa
1030 826 1202 915 templum
1217 826 1297 899 Do·

234 927 320 1002 mini
343 903 714 1032 ingresssd'efleverit,
743 926 952 999 &oraverit
965 943 1044 995 cum
1064 924 1223 1016 silentio,
1248 928 1303 1001 ita-

233 1037 277 1100 ut
296 1043 375 1098 non
394 1025 575 1102 ¹audiretur
598 1047 672 1099 uox
690 1026 765 1117 ejus
784 1048 793 1099 ε
820 1025 854 1097 &
873 1024 954 1115 quia
969 1027 1097 1118 putans
1121 1045 1198 1098 eam
1214 1026 1300 1100 Heli

235 1125 402 1200 sacerdos
423 1122 492 1199 esse
514 1126 675 1216 ebriam,
708 1126 951 1216 increpaverit
972 1144 1079 1214 earn,
1113 1122 1184 1215 ipsa
1203 1146 1297 1198 vero

236 1246 318 1299 cum
329 1225 530 1299 humilitate
544 1223 764 1318 respondens
778 1223 988 1299 satisfecerit
1000 1220 1197 1316 sacerdoti,
1218 1246 1298 1301 ora·
1328 1303 1330 1306 .

235 1327 334 1398 verit
361 1337 480 1397 autem
509 1324 552 1395 ad
583 1324 806 1417 Dominum,
843 1340 885 1397 ut
917 1326 1128 1418 conciperet
1157 1323 1297 1420 filium,

235 1422 508 1521 promittensse
530 1422 614 1495 Deo
637 1424 945 1513 consecraturum,
973 1422 1224 1515 quodcumque
1240 1448 1298 1520 ge·
1362 1420 1372 1457 ⁷

236 1521 376 1599 ruisset.
427 1520 574 1599 Etcum
595 1546 641 1600 cx
659 1525 927 1619 repromissione
947 1519 1058 1597 filium
1075 1520 1298 1620 suscepisset,

211 1698 214 1703 ,
234 1622 424 1713 refertur,
458 1622 557 1716 quod
575 1646 594 1695 a
612 1622 701 1699 tacte
718 1620 901 1717 depulsum
919 1621 1094 1693 obtulerit
1115 1644 1196 1698 euru
1220 1626 1299 1697 Do·

236 1726 348 1800 mino.
402 1720 493 1796 Non
508 1724 601 1795 enim
613 1737 758 1817 poterat
774 1722 907 1799 offerre
920 1721 1081 1799 Domino
1092 1724 1188 1814 prius
1202 1709 1299 1818 euni,
1346 1809 1348 1814 ¹

239 1844 344 1915 quam
361 1843 381 1893 a
397 1820 486 1895 laste
504 1822 711 1915 depelleret.
764 1821 888 1897 Offert
906 1840 994 1915 ergo
1012 1841 1093 1894 eutn
1113 1822 1150 1895 in
1166 1826 1301 1917 oratio-
1381 1898 1385 1904 ,

239 1946 285 1998 ne
301 1920 451 2014 quadam
467 1922 689 2014 propheticis
711 1919 869 1997 distintis
883 1918 1068 2010 mysteriis.
1100 1920 1303 2001 Abbrevia·

240 2023 378 2113 vimus,
407 2034 577 2113 quantum
597 2024 802 2113 potuimus,
829 2019 1275 2111 continentiamlestionis.

315 2144 347 2214 3.
373 2121 571 2194 Videamus
581 2143 698 2215 nune,
721 2122 806 2215 quid
819 2121 1000 2212 etiamper
1011 2120 1107 2212 hec,
1127 2131 1204 2215 quae
1217 2143 1303 2215 pro·

237 2219 442 2321 posuimus,
469 2220 658 2299 indicetur.
708 2219 872 2298 Fortassis
890 2221 984 2293 eninr
1002 2218 1099 2293 dicet
1117 2222 1224 2295 nobis
1242 2223 1302 2293 ali.

241 2323 317 2412 quis
329 2320 374 2393 ad
393 2319 608 2401 audientiam
621 2320 707 2413 legis
721 2321 849 2394 nostrae
865 2340 980 2413 nuper
994 2320 1185 2399 accedens:
1202 2322 1303 2398 Chri·
1325 2376 1328 2380 -

231 2420 349 2495 *stiana
372 2418 499 2514 religio
519 2420 725 2511 pudicitiam
744 2416 959 2513 profitetur,
986 2421 1022 2490 in
1049 2432 1210 2515 tantum,
1236 2437 1308 2516 ut,

242 2521 266 2593 fi
292 2517 371 2592 fieri
391 2517 539 2613 potest,
570 2540 639 2620 nee
661 2522 909 2618 contingamus
933 2517 1302 2603 omnino'mulierem,

241 2615 300 2696 Sic
321 2618 416 2693 enim
441 2618 528 2693 dicit
544 2616 770 2711 Apostolus:
806 2623 929 2694 Bonum
946 2617 986 2712 qs
1006 2623 1209 2698 hominium
1227 2640 1307 2694 mn.

228 2745 307 2817 gere
324 2722 495 2788 mulierem.
548 2717 615 2792 lste
633 2732 750 2794 autem
764 2718 876 2811 justus
898 2735 981 2795 tuus
1005 2720 1215 2811 Helchana,
1243 2720 1305 2812 qui

242 2819 350 2894 nobis
368 2833 388 2889 a
412 2815 583 2909 scriptura
604 2820 823 2910 proponitur
843 2817 886 2889 ad
907 2820 1136 2912 exemplum,
1163 2819 1249 2894 duas
1266 2820 1307 2892 sr-

242 2919 317 2994 mul
331 2923 467 2992 uxores
481 2916 639 2993 habuisse
656 2916 882 2995 describitur:
912 2919 1097 3009 exquibus
1115 2920 1196 3008 illa,
1227 2940 1305 3010 quae

224 3021 344 3112 =prior
366 3020 600 3109 nominatur,
626 3018 832 3093 nonhabet
854 3013 987 3100 filium,
1013 3011 1049 3090 id
1068 3017 1144 3108 est,
1176 3017 1306 3108 Annaq

241 3118 415 3190 Fenenna
441 3129 560 3205 autem
586 3117 618 3189 &
644 3117 780 3194 multos
807 3117 939 3193 habere
964 3113 1059 3189 filios
1093 3117 1245 3210 dicitur,
1273 3118 1307 3195 δι

241 3219 373 3290 inultas
400 3213 571 3308 accepisse
595 3219 798 3310 portiones.
860 3214 923 3296 llla
940 3229 1057 3291 autem
1077 3218 1177 3312 prior
1201 3239 1309 3299 unam

221 3324 226 3335 ’
242 3315 377 3407 solam,
406 3317 487 3407 quia
500 3314 573 3407 ipsa
586 3315 660 3393 sola
674 3315 745 3408 est,
772 3315 912 3409 accepit
932 3332 1098 3410 partem,
1125 3311 1222 3395 &da
1240 3318 1308 3390 ste·

242 3417 378 3488 tilitate
397 3417 643 3507 conqueritur.
694 3415 951 3506 Numquidnam
970 3415 1089 3493 &nos
1105 3417 1309 3498 contristari

243 3516 439 3606 debemus,
464 3517 549 3607 quia
571 3511 665 3590 filios
684 3534 761 3589 non
783 3518 983 3606 habemus,
1011 3517 1220 3613 &virgines
1242 3540 1309 3592 no·

245 3614 323 3689 strae
347 3612 549 3689 contristari
566 3614 725 3705 debent,
751 3615 850 3708 quod
865 3612 1027 3691 finefiliis
1042 3616 1202 3692 vivunt?
1219 3618 1309 3701 Haeq
1335 3672 1338 3676 ,

245 3714 318 3787 dixi
339 3711 512 3787 assumens
535 3713 723 3806 personam
749 3735 906 3806 eorum,
942 3717 1001 3805 qui
1018 3716 1181 3796 nondum
1204 3719 1311 3809 plena

247 3811 407 3886 instrusti
430 3811 574 3896 dehis,
601 3834 678 3904 quae
700 3815 738 3888 in
757 3810 938 3905 scripturis
956 3816 1139 3889 veteribus
1159 3818 1313 3895 recitan-

229 3927 336 4007 tur,
368 3911 513 3990 moveri
535 3911 769 4007 scrupulosius
792 3911 920 3993 solent.
971 3914 1161 4006 Deprecor
1191 3932 1311 3996 autem

223 4011 320 4108 'uos
342 4032 494 4104 omnes,
520 4025 585 4105 ut,
613 4013 781 4103 quoniam
799 4010 932 4090 sensum
954 4027 1026 4087 tam
1044 4012 1236 4095 difficilium
1252 4008 1312 4094 re·
1371 4072 1374 4088 .

247 4134 328 4192 rum
345 4131 521 4188 conamur
537 4115 696 4210 aperire,
724 4112 757 4190 dt
780 4134 846 4212 ea,
878 4134 955 4214 que
974 4115 1325 4197 vetantueoueua

1074 4288 1077 4297 .
1179 4213 1300 4314 suut,
