3075 4875
228 350 351 505 ⁴4¹8
613 325 1060 490 ,onrouurs'
1165 339 1215 382 ⁸

195 556 198 564 ’
302 559 397 650 stus,
424 574 526 648 quem
541 552 737 650 sequimur,
761 578 830 651 pro
852 556 1075 630 redemtione
1096 554 1217 632 nostra
1230 555 1356 638 effudit

300 657 502 755 sanguinem
522 655 640 749 suum,
666 672 707 729 ut
724 658 807 739 inde
825 677 992 730 exeamus
1012 655 1080 728 loti
1103 655 1270 754 sangiune
1291 661 1355 734 uo·

300 758 387 833 stro.
437 756 617 850 Baptisma
634 755 727 830 enim
747 756 920 852 sanguinis
938 754 1051 830 solum
1069 755 1141 851 est,
1169 758 1268 849 quod
1287 781 1354 833 nos

210 920 217 926 .
300 858 465 952 puriores
474 853 620 954 Fffiddat,
648 877 750 946 quam
765 876 863 945 aquae
883 853 1072 946 baptismus
1092 849 1267 950 reddidit·
1306 857 1355 934 Et

298 957 373 1031 hoc
387 975 456 1050 ego
475 937 551 1028 ison
566 952 759 1048 praesumo,
787 954 844 1027 sed
860 949 1030 1047 scriptura
1048 954 1183 1049 refert,
1210 958 1354 1056 dicente

297 1054 463 1130 Domino
474 1056 517 1126 ad
527 1053 735 1148 discipulos:
760 1054 1059 1150 Baptismumhubeo
1076 1055 1256 1151 baptizare,
1275 1058 1353 1155 quud

297 1180 355 1227 uos
374 1156 514 1245 uresciris.
569 1156 617 1225 Et
630 1156 773 1251 quomodo
786 1177 922 1248 rurgeor,
948 1169 986 1225 ut
1001 1151 1214 1248 perficiatur?
1239 1158 1352 1247 Vides

296 1269 421 1350 crg0,
434 1252 516 1344 quia
532 1246 776 1347 prosuufioncm
795 1247 969 1349 sanguinis
989 1252 1037 1325 sui
1054 1250 1223 1351 baptisma
1235 1258 1353 1333 nomi·

245 1365 251 1371 “
294 1356 408 1427 navit.
459 1350 508 1422 Et
521 1374 567 1425 ne
583 1350 645 1425 ista
660 1354 781 1425 dicens
799 1350 1000 1443 offendam,
1022 1372 1177 1447 vereor,
1198 1376 1246 1429 ne
1259 1354 1351 1430 istud

296 1449 467 1543 baptisma
498 1452 707 1525 eminentius
733 1451 776 1524 srt
802 1453 865 1523 iilo
898 1450 1124 1544 baptismate,
1152 1456 1256 1546 ¹quod
1288 1474 1351 1548 per

298 1572 422 1640 aquam
441 1551 602 1624 traditur.
664 1552 732 1624 1110
752 1550 845 1624 enirn
861 1550 1012 1643 accepto
1031 1551 1137 1625 valde
1151 1556 1255 1648 pauci
1271 1553 1350 1628 sunt

295 1650 346 1722 ita
366 1650 481 1741 beati,
507 1651 565 1742 qui
580 1649 615 1722 id
633 1650 896 1725 immaculatum
913 1671 1025 1741 usque
1046 1651 1088 1722 ad
1111 1654 1247 1727 exitum
1264 1656 1349 1726 vitae

295 1747 438 1822 seruare
455 1752 652 1840 potuerint.
701 1750 899 1846 Hoc-vero
920 1747 1092 1841 baptismo
1117 1752 1176 1843 qui
1193 1754 1349 1846 baptiza·

295 1863 355 1919 tus
370 1848 498 1938 suerit,
525 1870 674 1943 peccare
684 1850 755 1941 jam
771 1851 864 1922 ultra
878 1869 955 1921 non
969 1848 1098 1941 poten
1147 1848 1350 1926 Etsrtcme·

173 1977 183 1994 κ
294 1949 425 2021 tarium
440 1969 517 2021 non
534 1947 603 2042 est,
629 1952 666 2021 in
683 1952 790 2022 rebus
810 1949 937 2022 talibus
950 1948 1080 2020 audere
1093 1948 1245 2043 aliquid,
1268 1950 1348 2045 pos·

245 2086 247 2098 ·
292 2046 408 2121 sumus
426 2049 565 2137 dicere,
591 2048 689 2139 quod
706 2068 769 2141 per
786 2047 873 2132 illud
888 2046 1057 2140 baptisma
1069 2051 1249 2139 praeterita
1266 2072 1348 2143 pec·

172 2140 174 2144 ’
294 2163 374 2219 cata
383 2161 594 2242 purgantur:
622 2166 685 2238 per
700 2145 790 2219 istud
806 2166 899 2219 vero
918 2149 1023 2220 etiam
1041 2146 1346 2243 futuraperimun·

292 2258 362 2318 tur.
413 2244 465 2316 lbi
483 2257 630 2336 peccata
652 2244 783 2318 dimissa
800 2243 900 2338 sunt,
923 2245 985 2336 ¹hic
1005 2243 1157 2322 exclusa.
1209 2248 1303 2343 Mihi
1321 2249 1346 2325 fi

292 2342 512 2426 concederet
534 2344 657 2436 Deus,
684 2362 724 2417 ut
742 2346 892 2441 proprio
912 2341 1076 2441 sanguine
1096 2345 1272 2442 dilueret,
1305 2363 1345 2445 ut

292 2443 500 2536 baptismum
517 2443 706 2519 secundum
723 2460 842 2520 morte
860 2465 925 2537 pro
944 2443 1084 2517 Christo
1097 2444 1255 2540 suscepta
1269 2471 1345 2544 per·

292 2546 471 2635 ciperem,
508 2541 649 2617 securus
671 2566 716 2617 ex
735 2543 803 2617 isto
819 2541 947 2616 saeculo
968 2542 1200 2620 discederem:
1225 2565 1267 2620 ut
1285 2572 1344 2622 ve·

173 2644 181 2657 ‘
284 2645 393 2717 'niens
413 2642 455 2714 ad
473 2644 623 2717 animam
645 2667 758 2718 meam
778 2649 822 2717 do
841 2643 909 2716 hac
934 2644 1010 2714 vita
1037 2649 1342 2740 exeuntem'prin·

292 2760 375 2834 ceps
395 2742 498 2833 hujus
512 2743 634 2816 mundi
652 2764 727 2816 non
743 2742 924 2816 inveniret
938 2743 1147 2836 quicquam,
1173 2744 1258 2836 quin
1277 2768 1342 2838 po·

289 2842 360 2913 tius
378 2841 410 2912 u
426 2840 598 2937 sanguinis
613 2845 682 2916 mei
699 2842 908 2936 profusione
927 2841 1127 2936 sopiretur,
1158 2864 1226 2935 nec
1240 2846 1343 2918 aude·

288 2955 345 3013 ret
359 2941 402 3039 ,in
428 2941 546 3033 aliquo
568 2942 916 3016 criminari'animam
941 2962 1070 3014 cruore
1091 2941 1154 3014 suo
1175 2944 1341 3039 dilutam,

286 3053 407 3114 morte
434 3040 492 3113 sua
515 3038 766 3130 clarificatam,
799 3039 966 3135 sanguine
985 3038 1048 3117 suo
1072 3041 1196 3117 lotam.
1257 3043 1341 3119 Post

286 3139 378 3215 istud
400 3139 569 3233 baptisma
589 3162 658 3214 nec
681 3139 887 3212 Madianitu
906 3142 1000 3215 ultra
1018 3143 1194 3214 irruerent
1213 3141 1256 3215 ad
1278 3141 1341 3218 dis-

285 3239 491 3336 perdendos
517 3239 866 3314 &exterminandos
901 3241 1023 3312 animae
1048 3239 1193 3315 fructus.
1246 3242 1338 3340 Quis

287 3340 380 3411 enirn
403 3335 498 3428 sequi
518 3338 621 3428 poiiit
637 3340 786 3413 animam
806 3339 1001 3431 martyris,
1029 3360 1105 3430 quae
1125 3337 1340 3435 supergressa

286 3457 410 3509 omnes
439 3437 549 3508 aerias
573 3439 791 3531 potestates,
823 3437 866 3510 ad
892 3437 1034 3517 coeleste
1058 3438 1175 3511 tendit
1199 3438 1340 3514 altare?

194 3543 198 3549 ’
230 3537 235 3542 ’
285 3534 342 3610 Ibi
357 3534 449 3609 enim
468 3533 530 3607 sub
548 3538 658 3612 altare
679 3538 748 3610 Dei
766 3536 889 3611 animae
911 3556 1108 3637 martyrum
1122 3536 1268 3633 pofitae,
1290 3540 1339 3614 di·

284 3647 416 3707 cuntur
453 3634 577 3708 diebus
609 3659 651 3710 ac
683 3635 848 3711 nostibus
880 3639 1125 3730 proclamare,
1156 3637 1336 3713 dicentes:

285 3739 456 3831 Quousque
476 3740 636 3825 Domine,
669 3741 724 3836 qur'
733 3733 888 3834 justus&
908 3759 1004 3808 verus
1023 3763 1077 3830 er,
1100 3760 1167 3807 non
1189 3740 1338 3811 vindicor

242 3866 245 3875 ·
276 3837 460 3928 sanguinem
475 3835 611 3932 nostrum
625 3838 663 3908 de-
683 3843 742 3923 r'is,
768 3839 823 3933 qui
839 3834 990 3908 habitant
1011 3830 1153 3908 terram?
1176 3836 1229 3910 lbi
1244 3839 1338 3915 enim

283 3935 406 4028 posrtae
430 3934 558 4007 divinis
586 3935 751 4028 adsistunt
775 3931 964 4012 sacrificiis.
1023 3934 1092 4010 Sed
1120 3936 1215 4009 beati
1236 3934 1336 4031 sunt,
1368 3934 1389 3965 ’·

284 4035 345 4130 qui
362 4034 438 4136 iraec
456 4048 648 4131 urerentur.¹
693 4033 800 4139 ,Beati
820 4031 924 4132 suut,
957 4056 1110 4139 quorum
1134 4054 1220 4130 cor,
1241 4057 1335 4209 dcum
1381 4052 1386 4067 ‘

718 4148 724 4157 ·
844 4156 848 4163 ·
1141 4154 1161 4165 ··
1265 4157 1288 4211 e

516 4232 582 4277 ,μὶ
1281 4271 1285 4285 s
