3075 4875
250 439 262 449 ·
309 407 644 535 lunianum
667 380 1154 511 nanumnoun
1189 421 1274 536 “99

157 671 160 676 .
206 586 424 685 Exemplum
441 589 492 664 est
509 590 656 666 historia
680 592 725 665 de
744 591 842 684 Lot,
880 592 913 664 de
937 592 1012 685 ejus
1032 590 1183 671 filiabus.
1233 597 1275 673 Si

206 690 311 766 sensu
331 692 483 783 mystico
501 712 540 763 ac
556 694 722 777 recondit
709 708 776 786 ιο,
803 694 953 807 aliquam
968 713 1040 785 prae
1062 692 1096 765 le
1113 694 1185 767 fert
1202 697 1274 770 uti·

207 794 368 881 litatem,
396 791 495 863 Deus
509 793 637 883 novit,
664 787 759 883 dtis,
789 811 844 863 cui
836 792 961 863 Deus
977 808 1055 888 grat
1056 794 1124 864 iam
1140 812 1273 869 contu·

168 894 278 972 lit,
313 875 495 964 sermones
518 891 601 961 illos
622 892 857 965 examinandi.
906 890 941 961 Si
962 912 1054 963 veto
1074 885 1272 972 secundum
1347 953 1349 959 .

206 990 365 1064 historiae
386 990 508 1061 seriem
521 990 726 1081 perquiret,
755 990 894 1063 cuin'am
911 989 1055 1062 historia
1069 989 1144 1063 Lot
1162 993 1272 1066 illius·

208 1109 279 1181 que
291 1086 443 1161 filiarum
457 1089 603 1159 utilitati
617 1090 702 1161 milii
720 1088 797 1161 est?
823 1087 991 1161 Similiter
1010 1092 1189 1180 quodnam
1206 1094 1272 1167 mi·
1296 1151 1299 1164 .

190 1182 276 1264 'ht
262 1212 336 1283 Jam
361 1186 452 1261 diua
477 1187 522 1260 de
546 1191 779 1279 ventriloqua
804 1188 838 1260 u
863 1188 966 1262 Saule
992 1189 1136 1262 historia
1162 1190 1272 1272 affert

208 1286 519 1361 emolumentum?
548 1287 681 1359 Omnia
696 1291 851 1381 veritas,
879 1309 961 1380 quae
969 1290 1003 1360 in
1018 1289 1180 1363 sermone
1196 1292 1270 1387 est,
1274 1305 1276 1310 ’

205 1388 403 1462 necellario
419 1386 600 1487 supetat,
620 1391 711 1483 Quis
734 1390 848 1479 enim,
875 1386 1034 1479 praesenti
1060 1391 1136 1460 vita
1155 1390 1272 1463 deler-
1385 1387 1386 1391 ’

206 1502 265 1575 ta,
293 1487 356 1560 sub
374 1484 550 1580 potestate
565 1432 735 1570 daemonis
749 1485 944 1560 effevelit?
971 1488 1025 1558 Ut
1037 1490 1271 1582 ventriloqua

207 1601 346 1660 evocet
357 1607 432 1658 non
450 1609 472 1657 e
488 1584 649 1657 fidelibus
664 1608 795 1678 unum,
823 1584 882 1660 led
898 1586 1095 1661 Samuelem
1111 1590 1271 1683 prophe·
1363 1629 1365 1636 ·

206 1701 307 1775 tam3
332 1686 377 1757 de
400 1705 473 1776 quo
496 1685 596 1757 Deus
622 1706 687 1779 per
705 1686 895 1782 Jeremiam
917 1685 1080 1766 dixerat:
1114 1692 1226 1786 Neque
1238 1688 1271 1783 fi

208 1786 397 1879 Moyses&
424 1764 560 1860 Samuel
569 1803 645 1855 aute
662 1789 716 1877 faa
723 1812 780 1853 uem
805 1813 842 1852 u
835 1810 918 1870 aua,
942 1810 992 1858 eas
1010 1786 1195 1858 exaudiam:
1222 1786 1271 1863 de

207 1907 280 1979 quo
296 1888 383 1957 item
393 1884 575 1979 Propheta
588 1883 947 1977 fateturmhymms
963 1884 1271 1978 Mauseadielarm
1317 1903 1319 1905 ’

208 1990 244 2055 in
252 1986 499 2073 sacerdotibus
470 2009 558 2080 ejus,
578 1984 615 2059 (5
630 1989 757 2056 Samuel
766 1996 802 2053 ιιι
745 1977 1038 2055 laavucaaubus
1051 2009 1164 2056 namen
1178 1992 1270 2084 ejus.
1363 1998 1365 2002 ’

207 2085 401 2155 invocabant
419 2089 610 2170 Dominum,
636 2086 676 2161 (5
699 2086 760 2178 ipse
778 2085 962 2155 exaudiebat
976 2110 1048 2166 eos,
1073 2088 1111 2155 in
1124 2088 1293 2161 calamna·
1365 2101 1368 2109 ’

207 2186 297 2255 aula
313 2184 498 2281 lequuntur
511 2186 550 2253 ad
563 2206 628 2255 eas:
656 2185 690 2255 dt
708 2185 778 2256 alio
793 2186 900 2257 loco:
928 2188 967 2255 Si
973 2182 1127 2283 steterint
1140 2187 1270 2281 Moyses

207 2285 245 2361 (7
266 2283 419 2370 Samuel,
444 2281 484 2359 (5
506 2286 661 2378 deprecati
677 2283 838 2398 fuerint,
866 2284 971 2358 dte..
1034 2283 1150 2359 ‚Ita
1172 2285 1270 2364 nest

207 2385 298 2458 talis
304 2404 346 2456 ac
361 2396 480 2456 tantus
499 2382 560 2456 sub
584 2398 678 2457 terra
695 2388 793 2475 erat,
815 2384 1047 2457 &evocavit
1060 2384 1160 2458 illum
1179 2406 1270 2461 ven·
1347 2454 1350 2458 .

207 2483 418 2574 triloqua,
408 2504 445 2555 in
459 2483 608 2556 animam
629 2437 878 2576 propheticam
897 2484 1035 2555 daemon
1050 2483 1269 2576 potestatem

159 2630 164 2650 ι
208 2581 341 2658 habet?
369 2562 467 2682 Quid
478 2581 662 2657 dicemus?
687 2583 874 2683 Scriptane
894 2583 970 2655 haec
989 2581 1093 2655 sunt?
1120 2586 1269 2661 Verane
1320 2663 1330 2673 ,

209 2706 248 2756 ea
261 2682 362 2769 sunt3
390 2704 433 2755 an
454 2704 529 2755 non
548 2682 628 2756 sunt
643 2670 764 2755 vera?
799 2681 908 2754 Certe
922 2679 1092 2775 atterere,
1119 2704 1268 2757 cavera

208 2800 282 2857 non
307 2781 404 2876 elle,
437 2783 473 2854 in
494 2779 739 2856 infidelitatem
760 2781 924 2874 inducit,
959 2781 1134 2871 cedetque
1163 2781 1268 2874 supet

211 2884 403 2958 dicendum
426 2883 551 2974 capita.
602 2882 700 2973 Vera
716 2879 808 2970 elle,
837 2878 1110 2973 disquisitionem
1129 2881 1269 2954 dubita·

210 2982 418 3071 tionemque
441 2982 548 3054 nobis
569 2978 727 3054 exhibet.
784 2979 943 3072 Scimus,
980 3000 1024 3052 ex
1046 2978 1177 3052 nostris
1198 2981 1268 3053 fta·
1308 2996 1313 3002 ·

208 3084 321 3154 tribus
344 3083 540 3154 nonnullos
565 3078 773 3154 adversatos
793 3079 979 3172 scriptura
998 3076 1143 3170 dixille,
1177 3101 1268 3154 ven·
1382 3081 1384 3086 '

209 3183 374 3271 triloquae
394 3201 468 3253 non
488 3181 610 3255 credo,
660 3178 905 3272 Ventriloqua
925 3191 1044 3250 narrat
1066 3177 1101 3250 se
1123 3179 1269 3253 Samue-

209 3282 275 3353 lem
290 3275 433 3369 vidill'e3
458 3281 648 3368 mentitur,
675 3277 815 3352 Samuel
829 3298 904 3351 non
918 3276 969 3351 est
983 3295 1180 3366 evocatum
1207 3279 1268 3353 Sa·
1351 3367 1352 3370 Ἴ

208 3382 301 3455 muel
320 3400 398 3455 non
417 3381 588 3471 loquitur.
640 3379 709 3451 Sed
719 3377 1028 3478 quemadmodum
1042 3377 1268 3471 Pseudopro-

208 3483 395 3573 phetarum
410 3479 704 3571 aliquifatentur:
732 3482 898 3549 Haedieia
916 3482 1095 3562 Dumium,-
1122 3479 1176 3569 δι,
1201 3484 1270 3550 lla·

210 3587 315 3650 miuus
339 3582 460 3651 loeutus
488 3580 554 3677 esi:
594 3578 642 3652 stc
668 3578 701 3649 δι
728 3578 942 3652 demonium
965 3576 1039 3649 hoc
1064 3580 1267 3671 mentitur,

211 3681 290 3754 dum
314 3679 358 3753 ad
373 3679 485 3752 Saulis
506 3678 733 3753 voluntatem
749 3679 944 3771 pollicetur
964 3696 1073 3748 unum
1091 3677 1282 3766 educeret,
1361 3695 1364 3701 ’

211 3784 313 3874 Quem
328 3787 432 3864 enim,
460 3779 529 3870 ait,
555 3782 698 3850 educam?
726 3781 855 3849 Samuel
865 3779 947 3847 milii
957 3793 1110 3848 evocem
1163 3776 1266 3870 Haec,
1362 3777 1363 3781 ’

212 3885 264 3973 qui
281 3883 377 3957 hanc
397 3875 576 3953 historiam
601 3878 716 3951 veluti
738 3876 856 3952 falsam
877 3890 1105 3972 oppugnant,
1132 3876 1266 3970 produ·

212 3997 304 4059 cunt.
358 3980 499 4053 Samuel
526 3979 618 4070 apud
637 3977 801 4050 inferos?
829 3978 969 4050 Samuel
990 3997 1009 4046 a
1034 3974 1274 4063 ventriloqua

211 4083 396 4180 educitur,
420 4078 681 4176 Pto'phetatum
704 4079 881 4252 egimiuu
914 4078 959 4152 ab
981 4070 1054 4172 ipsa
1074 4074 1267 4320 ιιιιὶιζίιιῑο

777 4197 800 4271 a
1171 4192 1223 4248 eu
