3075 4875
271 377 335 509 *h
396 363 462 414 ³'
610 357 1016 482 ottouurs

286 555 375 662 eos,
402 565 462 660 qui
476 576 597 646 mente
613 559 732 641 Deum
750 563 877 639 videre
896 563 1148 658 contendunt.¹
1161 562 1275 638 Nunc
1288 574 1346 640 aui

181 751 184 756 ,
285 683 362 743 tem
384 688 465 741 cum
485 659 652 760 dicatur,
673 668 774 756 ‘quia
794 663 857 738 filii
877 664 1038 738 Orientis
1061 682 1242 737 venerunt
1265 683 1346 739 cum

285 766 517 859 Madianitis‚
544 766 577 838 dt
593 763 788 856 Amalech,
805 767 992 857 quomodo
1004 762 1079 837 haec
1094 761 1238 859 possunt
1249 785 1350 838 com·-

261 861 624 965 ,petenterertponll
650 866 846 939 Videamus
862 883 971 964 ergo,
998 864 1212 958 siposlumus
1225 866 1261 935 in
1275 880 1347 938 tam

284 964 487 1042 difficilibus
501 968 598 1038 locis
620 964 800 1059 scriptura
823 966 964 1061 dignum
983 966 1134 1056 aliquem
1146 966 1186 1045 jn
1203 965 1257 1035 his
1275 962 1348 1037 sen·

165 1061 178 1074 ”
284 1066 362 1143 sum
388 1067 516 1139 divinis
539 1067 674 1162 paginis
692 1067 869 1140 invenire.
922 1062 1077 1154 Omnis,
1104 1066 1162 1155 qui
1187 1062 1348 1157 superse

204 1179 210 1196 ’
286 1167 567 1259 quoquomodo
586 1187 718 1239 nomen
738 1163 879 1258 suscipit
899 1162 1052 1254 Christi,
1080 1161 1172 1235 filius
1197 1163 1348 1236 efficitur

286 1265 462 1341 Orientis.
513 1265 572 1337 sic
585 1266 679 1337 enirn
690 1263 857 1357 scriptum
869 1262 919 1337 est
931 1260 976 1336 de
992 1261 1152 1337 Christo:
1180 1265 1347 1353 Eccevir,

287 1370 407 1437 Oriens
427 1388 540 1435 nomen
564 1366 604 1461 ιβ
630 1368 689 1439 isi.
739 1365 910 1462 Quisquis
934 1383 1021 1459 ergo
1052 1363 1178 1435 Christi
1208 1361 1348 1457 suscipit

208 1540 213 1546 .
283 1472 443 1556 nomen,
471 1462 564 1560 filius
586 1460 654 1538 esse
677 1465 807 1537 dicitur
825 1463 1008 1537 Orientis:
1036 1461 1093 1549 sed
1116 1484 1193 1536 non
1212 1462 1348 1558 semper

197 1595 201 1602 ·
287 1566 347 1656 qui
365 1584 499 1637 nomen
511 1562 637 1637 christi
650 1566 851 1658 accipiunt,
877 1561 1277 1654 etiaminEcclesraper
1317 1584 1350 1635 a·

284 1675 376 1753 nent
395 1660 535 1738 Christi.
594 1664 632 1736 Si
649 1685 737 1780 ergo
758 1665 883 1737 videas
908 1665 1098 1735 haereticos
1120 1661 1248 1734 Christi
1273 1684 1294 1754 q
1320 1663 1347 1733 i'·

285 1762 369 1837 dem
400 1764 548 1856 nomine
574 1764 729 1839 censen:
764 1783 970 1860 expugnare
1003 1777 1120 1834 autem
1155 1761 1349 1836 Ecclesiam

286 1861 440 1956 Christi,
468 1864 612 1937 &arma
630 1863 799 1937 conferte
818 1862 1003 1936 adversum
1018 1860 1145 1935 Christi
1158 1858 1288 1954 fidem,
1315 1861 1349 1935 dt

284 1955 676 2059 impugnarepopulum
689 1964 862 2055 Domini,
880 1962 974 2036 bella
987 1959 1150 2035 suscitare
1161 1960 1349 2035 adversum

286 2064 503 2135 catholicam
523 2060 648 2135 fidem:
674 2065 763 2135 nolo
786 2063 927 2136 dubites
951 2064 995 2135 de
1014 2064 1056 2135 iis
1075 2062 1222 2153 dicere,
1251 2060 1347 2152 quod

284 2160 341 2234 isti
363 2151 444 2233 sunt
466 2163 607 2252 quidem
628 2159 690 2235 filii
717 2161 902 2255 Orientis,
934 2162 1090 2235 fodcum
1114 2160 1345 2254 Madianitis‚

287 2257 424 2332 &curn
445 2259 619 2334 Amalech
644 2282 849 2359 expugnare
875 2262 1028 2335 veniunt
1051 2264 1225 2355 populum
1247 2261 1346 2353 Dei,
1387 2263 1391 2284 '

287 2361 370 2451 quia
384 2380 463 2432 cum
482 2349 627 2456 Paganis
644 2362 678 2433 dt
693 2383 774 2434 cum
793 2363 922 2458 Judaeis
940 2360 1134 2436 Ecclesram
1153 2360 1224 2432 Dei
1242 2362 1348 2436 etiam

283 2459 444 2534 haeretici
460 2459 731 2553 persequuntur.
780 2461 828 2535 Et
844 2461 942 2557 ipsos·
955 2461 1023 2536 else
1037 2465 1190 2558 opinor,
1217 2461 1277 2553 qui
1290 2462 1349 2536 de·

286 2558 467 2656 signantur
487 2561 523 2633 in
543 2559 623 2634 filiis
646 2559 818 2636 Orientis.
1032 2615 1034 2618 -
1275 2563 1277 2566 ’

363 2681 396 2734 2.
427 2664 454 2730 0
495 2680 543 2751 ¹er
563 2685 657 2756 ergo,
691 2663 837 2755 inquit,
874 2663 1096 2748 Madiama,
1123 2657 1163 2739 O
1181 2660 1358 2752 Amalech,¹

284 2756 326 2835 (5
336 2759 407 2849 filii
496 2766 582 2832 entis
607 2767 825 2834 conuenerunt
836 2763 953 2858 fimus,
986 2761 1026 2838 (5
1049 2763 1284 2850 ascenderunt,
1310 2759 1349 2836 O*

279 2859 537 2951 superuenerunt
561 2870 628 2953 eis,
663 2859 702 2937 θ’
726 2862 824 2960 castra
841 2866 1018 2960 posuerunt
1039 2869 1076 2933 in
1097 2866 1178 2933 ualle
1199 2861 1349 2958 Jezratl.

189 3000 191 3005 ·
284 2957 364 3051 Isti,
393 2960 453 3049 qui
474 2958 682 3056 impugnare
698 2965 833 3035 volunt
856 2961 1030 3057 populum
1055 2962 1147 3053 Dei,
1179 2961 1292 3034 castra
1312 2963 1365 3034 in'

253 3056 257 3066 “
287 3060 441 3130 vallibus
465 3063 667 3147 collocant,
693 3060 730 3132 in
752 3061 896 3154 dejesiis
918 3064 951 3134 ἀ
970 3064 1159 3135 humilibus
1173 3063 1286 3153 locis,
1313 3064 1350 3134 in

160 3185 164 3189 ·
284 3158 412 3239 valle,
436 3159 570 3249 inquit,
601 3156 776 3253 Jezrahel.
828 3161 1038 3236 Invenimus
1075 3175 1213 3251 autem,
1240 3163 1350 3234 intet-

259 3255 420 3352 pretari
439 3257 603 3350 Jezrahel
624 3257 740 3333 semen
766 3260 850 3336 Dei.
899 3261 1043 3353 Vides,
1071 3262 1133 3333 ubi
1160 3264 1350 3333 collocant

286 3354 399 3427 castra
413 3355 628 3430 adversarii?
654 3357 744 3432 Non
760 3350 842 3432 sunt
858 3360 928 3434 aust
940 3360 993 3432 ire
1014 3361 1119 3443 illuc,
1144 3360 1207 3433 ubi
1224 3361 1352 3432 viden·

284 3454 517 3546 tutj'amnati
536 3455 606 3529 elle
619 3451 754 3531 fruetus
768 3459 931 3552 spiritus,
956 3457 1350 3534 sedubiadhucsemeu

284 3551 358 3626 Dei
369 3555 487 3646 jacet,
518 3557 580 3629 ubi
602 3558 764 3631 nondum
787 3554 920 3632 fructus
941 3559 1106 3634 ascendit.
1160 3559 1234 3657 Qui
1254 3561 1350 3634 enim

284 3653 375 3724 exiit
398 3650 568 3728 seminare
584 3654 726 3749 semen,
757 3651 905 3732 seminat
922 3659 1025 3752 super
1048 3678 1193 3732 omnem
1211 3660 1346 3733 locum.
1390 3750 1392 3755 Ι

283 3751 357 3824 Sed
372 3752 453 3825 audi
471 3752 581 3846 ipsum
598 3750 796 3832 Dominum
818 3759 1020 3852 dicentem,
1047 3759 1131 3852 quid
1144 3759 1217 3852 pati
1233 3750 1348 3832 soleat

283 3849 402 3925 semen
421 3852 503 3930 Dei.
554 3858 680 3946 Aliud,
706 3858 843 3949 inquit,
870 3861 979 3930 cecidit
1007 3862 1088 3943 secus
1106 3863 1213 3944 viam,
1239 3857 1279 3934 O
1295 3882 1351 3929 ve·

281 3958 409 4023 aientes
432 3978 508 4024 aves
530 3957 597 4025 coeli
611 3959 773 4054 diripiunt
794 3961 881 4030 ilud.
934 3960 1048 4058 Quod
1073 3954 1205 4054 ipsein
1230 3955 1351 4052 poste·

171 4130 174 4143 ι
281 4051 439 4128 rioribus
460 4052 718 4152 interpretatus
738 4055 855 4133 dixit:
881 4062 951 4154 Qui
969 4078 1077 4133 autem
1092 4062 1182 4153 ficus
1197 4063 1288 4128 viam
1298 4057 1364 4147 so..

1043 4184 1068 4229 t
1178 4163 1301 4233 minati
