3075 4875
193 438 203 461 ,
330 341 395 468 ιη
416 387 611 468 ιηηυη
636 386 945 473 ηηοηοηυη.
970 331 1101 471 nou.
1128 393 1156 469 1.
1237 406 1284 494 ss,
1369 485 1371 492 ,

210 551 392 628 convivia
401 553 583 647 celebrat,
611 574 784 630 cumeum
800 552 921 629 alatis
934 535 1103 651 depellit,
1130 555 1221 633 &ad
1235 560 1306 635 civ

209 658 285 731 bos
296 651 412 726 fortes
425 653 459 726 ds
471 652 604 729 solidos
614 656 794 749 applicat,
820 653 912 747 quas
929 653 954 727 fi
970 674 1036 747 per
1052 656 1128 732 haec
1143 657 1283 733 diceret
1351 701 1353 708 ·

178 819 183 825 .
209 752 326 829 Isaac:
354 756 432 850 Cum
443 750 556 846 fotius
572 756 645 844 sum
661 764 735 842 vir,
762 759 907 851 deposui,
932 781 999 852 quae
1019 773 1113 827 erunt
1134 760 1280 853 paruuli.

212 853 380 951 Oportet
393 863 480 948 crgo
498 856 606 928 tslern
624 852 693 929 effe
708 856 825 945 hunc,
854 854 913 949 qui
934 852 1088 925 offertur
1104 854 1208 949 Deo,
1235 869 1281 930 ut

210 953 354 1028 habitet
366 954 403 1024 in
414 949 557 1045 fandis,
583 957 642 1049 qui
654 954 766 1050 possit
782 952 1056 1041 vesci-carnibus
1070 952 1217 1051 sanctis,
1232 958 1280 1032 de

211 1053 343 1146 quibus
354 1051 598 1145 scriptumest:
618 1054 889 1149 Suett'sr'ficumini,
901 1071 938 1124 ut
950 1056 1144 1126 manducetis
1155 1049 1280 1130 carnea

288 1174 324 1250 9.
350 1149 420 1225 Sed
442 1151 654 1247 videamus,
682 1157 776 1248 quali
792 1174 871 1228 eum
888 1174 997 1247 prece
1019 1152 1146 1246 Anna,
1173 1154 1280 1230 idest

208 1252 350 1350 gratia,
371 1248 572 1342 ¹consecrat
591 1253 687 1350 Deo.
745 1253 899 1327 Novum
924 1253 1059 1347 quippe
1084 1255 1216 1348 aliquid
1239 1258 1278 1332 in

209 1347 400 1447 principiis
418 1350 499 1445 ipsis
520 1350 801 1429 observabimus.
853 1351 918 1425 'Ait
939 1356 1059 1425 enirn:
1096 1357 1144 1426 Et
1166 1365 1279 1428 oravit

209 1455 336 1537 Arna,
360 1448 399 1526 ds
409 1452 506 1525 dixit.
532 1447 584 1548 Et*
594 1473 766 1544 nusquam
782 1472 858 1527 eam
874 1450 967 1544 quast
983 1452 1026 1525 cd
1037 1451 1155 1526 Deum
1170 1475 1277 1528 oran·

210 1564 288 1625 tem
308 1550 486 1643 invenie,
518 1551 585 1625 vei
602 1554 834 1646 toquentem,
867 1553 930 1625 nisi
950 1572 1015 1647 per
1042 1552 1116 1624 duo
1135 1567 1277 1628 tantum
1321 1593 1323 1599 ·

211 1652 351 1743 verba,
375 1650 436 1723 ubi
449 1651 537 1723 dicit
545 1662 572 1723 ξ’
583 1655 711 1726 Lesura
721 1654 795 1742 sum
812 1659 848 1730 in
858 1654 999 1741 salutari
1016 1668 1089 1738 tuo,
1110 1652 1142 1723 dc
1163 1653 1276 1728 atiud:

209 1753 305 1846 Quia
322 1774 388 1822 non
404 1749 568 1848 elipraerer
581 1768 624 1826 re.
656 1752 800 1826 Initium
820 1767 939 1824 autem
952 1751 1001 1823 src
1014 1751 1145 1824 habet:
1175 1754 1278 1824 Exul·

210 1858 304 1924 teuit
319 1873 372 1922 cor
387 1872 487 1921 meum
504 1854 541 1922 in
565 1855 713 1925 Domino.
764 1850 856 1924 Non
875 1852 985 1941 dixit,
1013 1842 1191 1923 exuitevit
1208 1872 1275 1923 cor
1337 1870 1357 1896 ²

210 1970 332 2026 meum
344 1951 381 2023 in
393 1950 442 2025 tei
490 1948 527 2023 Si
540 1952 632 2026 enirn
643 1949 730 2026 esset
740 1952 881 2042 oratio,
906 1950 958 2023 ita
974 1949 1275 2043 diciconsequens

211 2063 308 2124 erat:
330 2043 840 2136 'Excitavitcorrneurninte
867 2047 916 2122 Et
927 2050 1044 2126 iterim
1057 2050 1095 2123 in
1113 2046 1275 2142 sequenti
1345 2061 1351 2068 ’

210 2146 319 2238 versu
331 2150 407 2242 ejus
419 2148 523 2223 dicit:
553 2151 745 2224 &astarum
759 2150 799 2250 esi
808 2175 904 2221 cornu
915 2174 1015 2224 meum
1028 2155 1064 2218 in
1078 2152 1155 2221 Deo.
1181 2149 1219 2222 N
1222 2170 1275 2224 on

208 2250 319 2324 dixit:
345 2245 550 2324 Exdtatum
571 2251 622 2325 est
637 2270 883 2325 cornumeum
900 2251 937 2323 in
956 2264 1014 2333 te,
1041 2248 1101 2322 sed
1121 2251 1157 2322 in
1174 2249 1273 2326 Deo.
1345 2271 1347 2276 ·
1369 2327 1371 2331 .

165 2401 168 2408 .
213 2350 458 2449 Dilatatem'efl
471 2375 503 2420 os
519 2376 618 2421 meum
631 2352 725 2449 [uper
741 2355 905 2440 inimicos,
929 2356 1006 2449 quia
1025 2349 1135 2421 satura
1150 2350 1219 2436 sum
1237 2353 1295 2421 in.

204 2452 348 2544 ſstutari
370 2467 435 2525 tuo.
485 2451 611 2542 Unus,
636 2469 678 2524 ut
698 2451 804 2544 dixi,
828 2449 943 2524 sermo
964 2450 1167 2524 orationem
1187 2470 1277 2523 con·
1355 2490 1373 2511 ν

206 2552 325 2624 tinet:
353 2546 481 2621 Lurari
488 2550 558 2640 [um
567 2558 605 2622 in
609 2553 753 2642 saturari
767 2567 838 2639 ruo,
864 2548 1274 2641 &inconsequentibus

208 2670 287 2729 non
303 2648 410 2742 dicit,
432 2651 601 2749 quianon
621 2649 673 2726 est
690 2648 846 2745 sanstus,
874 2650 937 2723 nisi
953 2662 1016 2741 tu,
1043 2646 1125 2741 sed,
1151 2673 1218 2718 non
1234 2647 1276 2745 epi

205 2747 358 2843 sensim,
384 2751 671 2849 crediderimus,
695 2749 750 2844 dr,
776 2776 843 2822 non
858 2751 1079 2846 estpraeterte.
1113 2748 1186 2821 Hic
1206 2746 1275 2821 ser·
1357 2819 1359 2823 .

210 2871 271 2925 nro
281 2869 362 2923 non
374 2848 676 2924 videturservasse
692 2851 868 2924 orationis
883 2849 1061 2923 ordinent⁴
1094 2846 1134 2921 ln
1150 2845 1276 2920 novis.

210 2950 303 3025 simis
319 2962 437 3023 autem
451 2950 568 3047 longa·
578 2949 846 3045 supplicationis
857 2947 973 3042 specie
988 2949 1096 3024 etiam
1111 2968 1275 3021 commo·
1338 2950 1343 2963 “

212 3050 372 3123 nitiones
390 3051 558 3140 quasdam
573 3049 797 3143 introducit,
814 3049 960 3122 dicens:
987 3049 1104 3124 Nolite
1117 3049 1275 3144 multipli-
1359 3071 1376 3101 s

212 3175 281 3221 cure
295 3150 383 3247 loqui
397 3150 505 3238 inula,
531 3175 631 3248 neque
650 3165 740 3220 exeat
762 3151 1015 3248 maliloquacr'tes
1035 3149 1070 3218 de
1088 3148 1274 3243 ennesius,

212 3255 285 3351 quia
295 3249 399 3341 fortis
415 3257 452 3320 in
468 3253 599 3337 seientia
617 3254 786 3325 Dominus.
819 3247 861 3322 ln
878 3269 951 3341 quo
962 3268 1031 3320 nec
1045 3247 1189 3322 videtur
1198 3248 1273 3338 jam
1366 3302 1370 3310 ·

212 3350 582 3443 adDominumloqui.
634 3350 733 3450 Quid
748 3370 835 3444 ergo
848 3350 1005 3421 dicemus
1022 3346 1066 3420 de
1085 3345 1166 3440 hisi
1188 3341 1271 3443 Ego

214 3442 293 3525 cum
308 3451 463 3544 legerem
477 3450 666 3542 aliquando
683 3449 776 3543 apud
789 3447 1030 3542 Apostolum,
1057 3446 1156 3539 quod
1166 3446 1274 3520 dixit:
1361 3535 1365 3545 „

215 3545 651 3642 Sincirtermiffinnenrute,
675 3550 899 3642 [quaerebam‚
926 3548 1183 3640 stpraeceptum
1198 3544 1274 3620 hoc·
1332 3597 1334 3601 -

212 3649 372 3746 possibile
389 3648 475 3723 esset
487 3651 635 3744 impleri.
670 3649 762 3749 Quis
777 3650 871 3722 enim
886 3645 1006 3742 potest
1020 3667 1200 3739 nunquam
1213 3645 1273 3718 de-

213 3750 321 3823 finere
338 3752 381 3822 ab
393 3750 584 3845 oratione,
611 3751 660 3823 ita
676 3761 719 3820 ut
735 3768 853 3840 neque
870 3748 991 3822 cibum
1006 3767 1124 3837 neque
1142 3760 1272 3838 potum

212 3849 369 3925 sumendi
385 3864 525 3942 tempus
540 3845 692 3922 haberti
721 3849 867 3950 Quippe
880 3867 960 3918 curn
974 3841 1196 3947 fihaecsiant,
1220 3842 1272 3943 in·

213 3948 443 4023 termittenda
463 3949 609 4022 videtur
627 3947 757 4021 oratio.
811 3945 880 4021 Sed
901 3965 969 4017 nec
991 3941 1190 4023 dornsrendi
1210 3957 1273 4015 aru

215 4047 342 4141 aliquid
368 4048 464 4122 aliud
489 4050 633 4127 humani
657 4044 738 4222 usipus
762 4045 889 4147 agendi
914 4044 1057 4119 veniam
1080 4040 1272 4213 ιεειῖὶιηὲηιι
1343 4079 1347 4089 ¹

741 4169 760 4241 3
1129 4162 1146 4211 ι
1173 4160 1199 4211 u
