3075 4875
261 383 264 389 ’
319 381 524 477 rnrrn.
549 369 1154 516 Jnnrcurr.'nonr.v1n
1229 399 1295 505 aa¹

206 551 330 635 minati
340 561 445 657 sunt,
462 566 501 642 5ii
512 561 616 654 sunt,
641 567 700 661 qui
711 562 852 634 audiunt
867 558 1021 646 verium,
1047 558 1087 637 o
1106 584 1175 631 cum
1195 562 1282 662 leti.
1392 591 1395 608 ·

206 667 255 733 tia
274 663 460 757 occipiunt:
494 667 589 734 venit
607 679 715 735 autem
741 661 904 752 chuluc,
927 660 967 736 O*
983 662 1067 757 toiit
1079 664 1212 733 decorae
1231 683 1279 733 eo·

207 786 301 837 rum,
315 762 406 858 'quod
418 756 606 852 seminatum
617 762 667 860 est
720 760 779 833 sic
799 781 885 858 ergo
900 758 1001 832 &isti
1017 773 1105 833 tunc
1123 765 1278 860 veniunt
1361 747 1365 762 ¹

207 860 251 933 ad
269 858 391 933 semen
410 862 502 954 Del,
537 861 571 935 bc
595 864 730 934 volunt
749 861 838 933 illud
863 861 995 932 tollere
1014 860 1059 933 de
1080 863 1191 935 corde
1212 884 1281 937 eo·

207 980 310 1051 rum,
338 960 376 1033 in
395 962 521 1051 quibus
540 961 747 1035 seminatum
764 959 836 1042 est,
862 959 1227 1051 quiainveniunteos
1240 963 1280 1038 in
1372 970 1379 984 ‘

205 1060 365 1131 vallibus
383 1060 545 1154 posrtos,
573 1062 606 1133 u
630 1061 700 1134 ima
718 1080 867 1151 quaque
891 1056 1074 1133 lebiantes.
1127 1060 1185 1132 De
1205 1062 1277 1135 illis
1366 1109 1395 1124 -·

205 1156 286 1232 sunt
305 1160 430 1252 enim,
458 1162 519 1252 qui
534 1160 718 1235 humiliter
733 1159 766 1231 ἃ
780 1159 925 1255 indigne
941 1157 973 1229 ἀ
993 1154 1056 1255 (ut
1071 1161 1123 1231 ita
1137 1159 1276 1332 dicam?

203 1258 550 1352 jndaicointellettu
565 1258 924 1352 sufcipiuntverbum
938 1255 1029 1350 Dei,
1052 1258 1181 1331 &ideo
1195 1281 1245 1353 po
1261 1299 1278 1316 ·
1354 1327 1356 1332 .
1388 1280 1390 1286 ’

206 1355 289 1431 sunt
309 1359 398 1433 illud
416 1378 542 1453 rapere
556 1360 735 1432 daemones
750 1358 795 1431 de
815 1359 925 1430 corde
937 1376 1073 1432 eorum.
1128 1360 1201 1457 Qui
1216 1370 1277 1433 ru·
1337 1391 1339 1396 ·
1390 1371 1395 1376 “

207 1471 283 1534 tem
299 1459 345 1530 ab
364 1458 564 1532 humilitate
586 1459 699 1531 litera
721 1457 764 1529 ad
785 1457 925 1551 spiritus
943 1455 1081 1530 excelsa
1105 1458 1279 1538 conscen-

207 1557 279 1649 dit,
308 1558 628 1654 &intelligentiam
645 1558 825 1656 refugiens
847 1557 1043 1649 carnalem,
1071 1557 1221 1630 sebatur
1237 1559 1284 1633 in
1351 1619 1355 1631 .

208 1657 419 1749 altioribus,
447 1680 524 1749 quae
544 1654 627 1730 sunt
641 1653 795 1752 'Spiritus
811 1657 906 1749 Dei,
934 1656 978 1728 d‘e
1002 1656 1070 1729 isto
1088 1658 1176 1731 nihil
1195 1657 1279 1750 pos·
1379 1672 1381 1679 ’

205 1754 286 1840 sunt
305 1776 432 1848 rapere
459 1757 688 1850 Madianitae,
714 1777 832 1848 neque
851 1755 1112 1851 Amalechitae,
1148 1753 1207 1829 sed
1227 1778 1277 1831 no
1301 1758 1304 1770 '

205 1855 269 1948 ipli
287 1855 430 1946 quidem
448 1854 609 1930 Orientis
630 1853 694 1929 filii
712 1855 904 1949 depredari
920 1865 1000 1927 eu'rn
1014 1855 1211 1950 poterunt,
1236 1859 1278 1931 in

210 1952 353 2028 excelso
374 1956 618 2053 intelligentiae
639 1956 802 2050 spiritalis
820 1953 959 2027 vertice
980 1952 1225 2029 constitutum.

286 2041 320 2146 32
344 2053 400 2127 llli
422 2076 510 2152 ergo
529 2055 640 2130 castra
658 2057 696 2128 in
715 2056 875 2129 vallibus·
889 2054 1086 2128 collocant.
1139 2056 1203 2125 Sal
1207 2055 1274 2149 spi·

156 2235 159 2250 ‚
209 2154 319 2241 ritus,
345 2156 481 2248 inquit,
510 2160 577 2227 Dei
598 2156 798 2246 confortavit
821 2156 963 2240 Gaiam,
987 2156 1026 2229 U
1047 2153 1122 2224 tuba
1135 2162 1275 2245 cocinit,

208 2253 246 2330 U
263 2258 395 2325 vocavit
410 2255 471 2351 poll
480 2255 515 2345 se
535 2251 685 2328 abiezer.
736 2253 972 2327 Continentia
993 2251 1134 2344 quidem
1153 2256 1274 2350 expla-

156 2357 158 2362 '
209 2352 368 2426 nationis
389 2356 494 2428 alium
518 2352 681 2429 ordinem
698 2356 931 2447 requirebat,
953 2366 1080 2426 verum
1106 2356 1186 2446 quia
1203 2375 1274 2427 nos

210 2474 286 2527 non
313 2469 387 2528 tam
417 2454 605 2549 scripturas
632 2460 919 2529 commentantes
948 2474 1045 2525 nunc
1066 2454 1273 2545 loquimur,

210 2573 314 2643 quam
334 2555 509 2646 populum
530 2556 575 2630 de
593 2556 656 2648 iis,
685 2575 762 2647 quae
779 2554 932 2627 recitata
950 2550 1051 2642 sunt,
1085 2552 1274 2634 consolan·
1363 2548 1366 2555 ’

156 2722 160 2733 ,
210 2665 288 2746 tes,
315 2649 481 2748 sparirm,
508 2675 585 2747 quae
604 2668 827 2747 occurrunt,
854 2654 899 2724 de
914 2653 1056 2747 singulis
1072 2654 1274 2745 quibusque

158 2772 164 2791 ·
211 2750 412 2827 truttamus.
465 2757 623 2845 locavit,
648 2755 787 2846 inquit,
809 2754 874 2849 posi
888 2752 920 2842 sa
939 2754 1099 2824 Ablezer:
1127 2753 1187 2843 qui
1204 2752 1274 2825 uti-¹

156 2864 167 2943 l
210 2872 279 2943 que
293 2872 473 2945 nusquam·
487 2867 575 2928 erat.
624 2853 888 2946 Interpretatur
902 2867 1021 2925 autem
1039 2851 1194 2924 Abiezor
1213 2874 1274 2945 pa·

157 2950 163 2993 ‘-
210 2951 272 3024 tris
286 2953 358 3024 mei
371 2952 551 3029 araxilium.
602 2952 692 3027 Non
708 2972 795 3047 ergo
810 2953 994 3025 hominem
1012 2953 1186 3044 aliquem,
1212 2951 1273 3025 nd
1388 2961 1390 2965 '

162 3118 168 3129 ,
210 3051 320 3143 patris
338 3049 568 3133 suieGedeon
583 3049 767 3125 inriocalle
784 3051 929 3124 videtur
954 3052 1133 3124 auxilium.
1182 3050 1272 3125 Mit-

213 3150 257 3220 tit
277 3149 447 3241 interea,
481 3152 516 3226 aa
537 3153 668 3225 auxilia
690 3166 887 3226 convocat.
946 3149 1185 3223 Conveniunt
1204 3172 1271 3244 po·

165 3258 175 3351 l
213 3250 305 3341 puli,
332 3250 367 3322 aa
381 3264 508 3335 omnes
523 3252 566 3326 ad
580 3250 736 3339 Gedeon
751 3250 929 3325 exercitus
944 3263 1221 3346 congregantur.

168 3362 175 3391 ²
285 3373 321 3441 4.
351 3350 399 3422 Et
415 3366 512 3442 tunc,
535 3352 671 3445 inquit,
699 3355 823 3426 Gedeon
842 3353 928 3422 dixit
944 3353 984 3421 ad
1005 3356 1126 3422 Deum:
1156 3347 1200 3425 Si
1206 3351 1273 3439 sal·

171 3496 176 3505 ·
215 3470 289 3521 uum
299 3450 386 3543 sacis
406 3456 444 3520 in
463 3477 560 3524 manu
578 3476 646 3523 mea
661 3453 782 3543 lsrael,
808 3451 1060 3550 quamadmodum
1078 3451 1202 3522 locutus
1217 3476 1248 3521 er
1254 3501 1269 3534 ,

172 3624 176 3639 ,
214 3551 481 3644 ecceegosumcm‚
507 3549 546 3628 (5
560 3553 798 3649 ponam'veius
814 3554 1041 3623 lancinatori
1061 3577 1073 3619 .·
1100 3548 1139 3626 θ
1149 3552 1181 3646 st
1198 3556 1272 3650 qui·

169 3644 177 3737 l
216 3649 276 3721 om
289 3676 339 3735 ros
354 3653 498 3724 ceciderit
505 3653 599 3749 super
614 3648 732 3740 thuc,
757 3651 797 3729 ὕ
804 3652 899 3749 super
915 3675 1033 3726 omnem
1048 3665 1169 3722 terram
1179 3651 1269 3749 ficri·

170 3744 174 3773 '
217 3749 395 3843 lrsfuerit,
420 3751 598 3846 agnoscam,
624 3758 771 3852 quoniam
781 3754 911 3842 salvum
921 3751 1024 3845 facias
1038 3757 1076 3822 in
1092 3775 1190 3823 manu
1203 3775 1270 3822 mcc

168 3922 172 3931 ,
220 3850 309 3939 lsrael
319 3862 333 3941 ,'
359 3853 445 3949 ficut
462 3853 589 3931 locutus
614 3879 656 3930 cs.
715 3853 764 3924 Et
776 3849 904 3946 fotium
923 3853 964 3949 esi
972 3851 1030 3949 fic.
1076 3846 1171 3927 Cum
1195 3866 1270 3925 tam

218 3953 317 4027 multa
333 3951 402 4029 srnt
420 3952 455 4029 ἂ
473 3953 660 4027 innumera
677 3951 774 4050 ligna
788 3954 848 4025 vel
868 3952 1050 4047 prodigia,
1074 3970 1152 4040 quae
1169 3964 1269 4044 pete·

187 4118 190 4123 .
217 4052 433 4151 tepotuillet
451 4052 571 4131 aDeo
591 4051 770 4228 GedeonD
764 4052 810 4126 ad
828 4048 1108 4128 confirmandam
1128 4048 1269 4164 pollici,

550 4168 552 4173 ¹
797 4172 820 4227 2
1114 4162 1231 4226 mm·
