3075 4875
375 485 445 564 rn
470 485 580 564 tro.
603 449 900 585 Juorcu'n.
926 482 1077 563 non
1102 480 1164 563 rx
1253 458 1330 586 59'
1370 553 1374 562 ,

231 651 354 747 galeam
372 619 493 743 julurir
513 654 665 745 accipite,
690 645 730 725 U
750 647 1062 743 gladiumspirirus.
1081 647 1301 744 superomnia

236 769 343 825 autem
358 751 571 841 jcutumfidei
591 751 793 841 astumite,
781 773 817 817 m
832 772 890 845 quo
908 743 1027 843 prffitis
1043 749 1150 844 jacula
1168 751 1302 844 maligni
1364 745 1374 773 ²

236 862 338 946 ignita
365 852 581 949 exstinguere,
606 849 660 938 sed
684 847 723 925 U
752 850 882 919 calceati
900 849 1029 943 pedes'
1015 874 1051 916 m
1073 856 1302 945 praepiratione

197 959 199 964 “
237 954 416 1045 Evangelii
440 955 550 1046 pacis:
586 948 720 1038 &hot
749 949 863 1021 modo
890 963 1045 1020 armatos
1079 951 1210 1023 tollere
1238 973 1300 1023 ve·

236 1055 360 1127 xillum
388 1051 505 1124 crucis
532 1046 688 1136 Christi,
720 1047 753 1119 δι
780 1046 893 1140 sequi
898 1070 995 1124 ..eom
1046 1047 1153 1125 Licet
1179 1065 1300 1124 tamen
1357 1103 1363 1116 ,

237 1153 342 1225 etiam
360 1151 458 1223 hoc
450 1171 486 1221 1n
505 1147 628 1220 militia
642 1145 790 1229 Christi,
816 1163 858 1220 ut
877 1148 900 1219 sr
919 1148 1018 1220 forte
1036 1148 1254 1239 aliquando
1245 1171 1301 1221 m·

238 1252 409 1326 seriorem
435 1265 474 1327 te
498 1248 634 1321 viribus
662 1237 843 1322 senseris
834 1270 870 1320 m
899 1246 1230 1341 persecutionibus,
1266 1249 1300 1321 u

236 1373 309 1425 non
338 1370 479 1440 aequum
497 1348 562 1419 tibi
587 1346 773 1420 adversum
800 1347 1047 1420 crudelitatem
1066 1351 1209 1440 tyranni
1235 1368 1301 1441 per

238 1451 474 1548 fragilitatem
500 1448 666 1546 corporis
699 1424 837 1521 videris
869 1446 953 1519 effe·
972 1460 1180 1540 certamen,
1216 1450 1300 1521 dare
1384 1466 1388 1473 ·

238 1552 394 1623 locum
384 1569 466 1640 nae,
499 1537 682 1642 &fugere
707 1545 864 1620 deloco
891 1547 935 1618 ad
958 1547 1104 1620 locum:
1139 1570 1208 1620 nec
1235 1549 1301 1619 tibi

239 1652 271 1723 in
310 1650 386 1722 hoc
421 1645 629 1719 adscribitur
663 1646 817 1720 militare
849 1646 1080 1721 commiffum
1132 1633 1300 1744 Designa-

239 1764 293 1822 tur
319 1751 395 1822 hoc
420 1750 526 1821 etiam
558 1748 596 1819 in
630 1745 768 1841 legibus
803 1743 932 1819 Christi
963 1746 1138 1819 dice-ntis.
1177 1753 1218 1818 Si
1243 1773 1321 1826 vos„

238 1853 389 1948 persecuti
408 1847 584 1940 fuerint'
570 1871 607 1915 m
630 1848 687 1916 hac
707 1851 859 1935 civitate,
884 1842 1025 1939 fugite
1013 1872 1051 1915 m
1066 1850 1174 1916 aliam
1201 1847 1300 1919 Sum·
1345 1845 1349 1867 ³

240 1968 473 2043 nonamque
497 1947 550 2021 rei
576 1943 650 2028 est,
681 1943 826 2040 Jesum‚
861 1966 965 2061 quem
991 1945 1096 2019 semel
1122 1945 1301 2018 confessus

242 2072 297 2142 es,
315 2069 395 2121 non
421 2067 566 2142 negare.
611 2045 760 2119 Certum
781 2044 832 2118 est
857 2048 972 2136 enirn,
998 2045 1096 2138 quod
1122 2044 1301 2121 Christum

241 2148 439 2221 confitetur
464 2147 545 2238 iile,
574 2147 633 2237 qni
658 2159 852 2240 propterea
877 2145 990 2241 fugit,
1016 2167 1063 2220 ne
1087 2159 1205 2243 neget
1264 2145 1303 2217 Si

241 2251 315 2341 quis
342 2268 433 2343 ergo
458 2246 603 2320 timidus
638 2243 689 2318 est
715 2245 748 2316 δι
778 2243 1034 2318 formidolosus
1069 2250 1202 2338 corde,
1238 2241 1302 2318 dit·

191 2351 345 2421 *cedat
371 2369 391 2418 a
417 2344 558 2440 eastris,
583 2357 790 2417 revertatur
816 2344 962 2417 domum
987 2346 1102 2438 suam,
1123 2368 1170 2419 ne
1183 2368 1302 2420 exem

240 2452 337 2544 plum
371 2446 571 2520 timoris&
606 2445 831 2519 formidinis
843 2444 985 2518 caeteris
1013 2448 1181 2539 praeb'eat.
1232 2447 1302 2518 Vis

191 2556 358 2651 antem
386 2546 538 2640 videre,
575 2545 697 2638 quanti
729 2544 885 2618 criminis
911 2547 954 2620 fit
986 2546 1128 2619 timidus
1162 2547 1195 2619 u
1228 2546 1303 2618 for

191 2664 194 2725 ε
239 2638 472 2724 oidolonis?
507 2647 550 2721 In
582 2644 833 2738 Apocalypsi,
870 2648 932 2716 ubi
971 2661 1224 2722 enumerantur
1250 2648 1301 2737 ii,

241 2749 301 2840 nui
320 2746 359 2820 in
383 2744 602 2845 stagnum
568 2747 658 2817 mnis
682 2745 848 2816 mittendi
871 2746 970 2847 sunt,
997 2747 1046 2818 ibi
1071 2761 1154 2818 ante
1176 2767 1301 2818 omnes

240 2846 387 2920 timidos
415 2848 448 2918 dt
474 2840 731 2919 formidolosos
757 2845 891 2960 ponit,
930 2867 1011 2922 cum
1038 2846 1164 2937 quibus
1191 2847 1260 2916 dr
1250 2862 1302 2945 rn-
1377 2876 1379 2883 ·

191 2945 367 3021 fideles
394 2944 427 3015 dr
452 2945 695 3017 fornicatores
720 2938 755 3019 ἃ
780 2945 939 3023 vinarios
965 2948 1124 3040 deputat.
1175 2943 1260 3017 Sic
1250 2964 1303 3016 rn

246 3061 299 3119 ter
324 3047 483 3158 ingentia
509 3045 542 3118 dr
564 3043 718 3116 nefanda
742 3042 889 3115 crimina
914 3047 1052 3124 timoris
1080 3043 1113 3115 o
1144 3044 1303 3117 formidi-

191 3178 196 3219 i
246 3148 297 3229 nit
324 3145 460 3217 crimen
485 3145 646 3239 ponitur
707 3142 796 3215 Haec
821 3158 940 3219 autern
976 3147 1126 3219 diximus
1151 3158 1304 3236 propter

191 3238 197 3335 ἶῖ
249 3266 338 3325 eor,
373 3243 434 3334 qui
459 3246 576 3339 primo
602 3243 706 3314 velut
730 3241 844 3316 timidi
875 3244 921 3318 dr
941 3244 1167 3323 formidolou
1191 3245 1305 3329 corde

191 3352 198 3471 f
249 3344 474 3421 dimittuntur
498 3345 542 3417 de
569 3341 701 3418 castris.

319 3568 352 3621 2.
377 3542 449 3629 Sed
474 3540 702 3637 posteaquam
735 3541 799 3615 ista
832 3545 960 3642 viginti
995 3544 1068 3616 duo
1102 3545 1209 3618 miliia
1241 3543 1305 3619 dis-
1335 3582 1337 3586 Α

191 3646 198 3729 ζ
251 3643 453 3737 cesserunt,
487 3642 584 3714 addit
609 3642 723 3714 adhuc
749 3641 864 3717 sermo
891 3646 1049 3731 divinus,
1084 3645 1118 3717 δι
1148 3645 1236 3718 dicit
1262 3647 1334 3725 ad*

191 3744 426 3831 ‚Gedeont
455 3743 590 3826 Adhuc,
622 3745 773 3835 inquit,
782 3745 913 3839 populus
945 3746 1065 3816 multus
1097 3746 1159 3840 ed,
1197 3748 1309 3842 dapem

191 3841 963 3940 'mmmm&rmmon
1014 3846 1363 3939 mmeo‚fflt

245 3947 305 4037 qui
329 3944 434 4042 primi
460 3942 649 4033 reprobati
672 3940 780 4034 sunt,
812 3966 880 4016 nec
906 3946 942 4015 in
968 3965 1092 4034 aquam
1118 3945 1329 4018 descende

245 4054 345 4189 rant,
375 4042 437 4118 sed
472 4042 588 4164 adhuc
618 4040 654 4115 se
679 3997 959 4118 catedhumenos
991 4044 1308 4141 dengnabant,&

191 4188 193 4221 ι
518 4200 520 4209 =
1223 4166 1272 4220 m
