3075 4875
382 460 757 542 statueram
780 459 1080 542 PSALMOS.
1184 471 1256 559 '235

199 631 307 723 nan,
331 626 635 721 itadrscientiarn,
661 626 919 716 &veritatem
947 622 1170 715 &justitian
1196 621 1260 701 Est

201 746 323 805 autem
333 729 511 802 hereditas
525 744 660 801 natura
669 725 889 800 rationabilis
902 725 1163 817 contemplatio
1178 745 1263 797 corP
1363 736 1366 746 “

200 848 395 926 porcarum
430 827 793 920 &incorporearum
824 844 964 917 rerum,
1001 824 1035 897 &
1069 823 1165 916 Dei,
1198 823 1260 915 qui

203 929 363 1004 omnium
386 924 565 1002 causaest.
760 993 763 998 .
889 979 892 984 -
971 922 985 966 '·
1139 967 1168 979 ·-
1251 963 1253 968 ·

262 1024 264 1028 ⁴
283 1030 442 1117 Peiraieus
456 1032 493 1098 in
506 1030 598 1119 uirga
607 1025 740 1119 fenea,
763 1037 917 1119 darrqram
926 1020 1105 1115 vasafiguli
1115 1022 1262 1111 carticino

197 1153 252 1224 ges
271 1152 338 1213 ros,
363 1121 455 1219 iffa]
489 1124 604 1199 Sic&
626 1124 720 1218 apud
742 1119 1138 1216 Apostolumlseverior
1162 1121 1261 1194 disci·

202 1229 325 1323 plina,
352 1247 421 1317 qua
433 1225 596 1321 indigent
609 1238 821 1318 peccatores
837 1222 873 1294 a
889 1218 1102 1294 infirmiores
1114 1223 1151 1293 in
1166 1218 1261 1313 fide,
1294 1213 1298 1220 ’

204 1329 310 1423 virga
327 1324 553 1418 nominatur,
580 1325 751 1398 cum'ait:
776 1323 864 1414 Quid
882 1316 1014 1391 vultis?
1041 1326 1079 1391 in
1099 1326 1191 1415 uirga
1206 1333 1265 1393 ve·

176 1454 182 1465 ·
205 1433 294 1498 niam
313 1430 352 1495 od
378 1448 458 1498 aas,
483 1449 527 1495 an
553 1430 588 1492 in
611 1427 770 1494 charitate
789 1423 828 1496 ὅ
843 1426 965 1516 spiriru
986 1415 1261 1510 mansuetudinis?

205 1522 258 1598 Et
270 1524 385 1597 adhuc
399 1523 494 1617 prius
511 1522 604 1615 apud
620 1523 838 1617 Prophetam
855 1521 1106 1616 peccatoribus
1120 1522 1262 1593 divinus

203 1622 321 1698 sermo
341 1623 493 1696 minatur
510 1625 645 1719 virgam
660 1620 866 1717 &flagella,
892 1640 938 1693 eo
956 1620 1055 1710 quod
1068 1619 1263 1692 misericor·

206 1724 299 1797 diam
322 1742 398 1794 non
423 1737 627 1797 remoturus
651 1722 695 1796 ht
719 1723 764 1794 ab
789 1740 914 1793 eorum
939 1717 1065 1811 Patre,
1090 1718 1164 1792 hoc
1189 1718 1262 1813 est,

207 1820 361 1895 Christo.
413 1820 508 1895 Nam
527 1821 703 1914 ejusmodi
719 1820 907 1894 curatione
924 1818 1094 1914 indigent.
1126 1818 1264 1916 Vafirda

207 1924 325 2011 enim,
350 1920 485 2012 inquit,
513 1945 549 1990 m
562 1930 655 2014 virga
667 1925 859 2019 iniquitates
873 1942 997 2005 aarum,
1023 1917 1059 1993 δ
1076 1922 1114 1987 in
1127 1924 1264 1989 uerberi-

206 2019 264 2093 bus
277 2037 401 2117 pacina
420 2044 544 2106 aarum,
568 2021 807 2109 mesericordiam
828 2034 933 2090 autem
948 2041 1050 2089 meam
1062 2040 1129 2087 non
1150 2018 1266 2113 disper·

205 2144 277 2215 gom
295 2119 330 2189 ab
358 2144 402 2191 a.
458 2122 580 2217 Quare
601 2121 634 2193 dr
653 2118 726 2212 ipse
748 2116 906 2193 Christus
930 2117 1033 2213 virga
1062 2114 1193 2190 dicitur
1220 2118 1265 2192 ab

209 2217 320 2306 lsaia3
346 2217 591 2309 sedquoniam
611 2218 690 2292 sunt
712 2217 897 2309 nonnulli,
924 2218 983 2307 qui
1008 2236 1084 2288 non
1104 2218 1266 2313 indigent

209 2317 381 2410 asperiori
400 2318 601 2410 disciplina,
628 2339 708 2393 cum
729 2316 859 2411 seipsos
881 2318 1074 2391 exhibeant
1097 2319 1266 2414 indignor

208 2417 432 2512 benignitate
448 2433 709 2513 praeceptorum
725 2416 850 2510 verbi,
875 2416 944 2490 flos
957 2420 1062 2490 etiam
1076 2419 1119 2492 ab
1136 2419 1268 2492 eodem

209 2517 625 2609 Prophetanonrinatur.
656 2521 866 2612 Egreditur,
893 2519 1009 2610 enim,
1035 2519 1170 2611 inquit,
1195 2521 1269 2599 νὴ,

208 2642 250 2712 ga
269 2624 305 2687 da
327 2619 428 2687 radica
446 2616 550 2714 Jeffe,
574 2617 612 2694 ὅ
622 2617 683 2715 flos
699 2621 735 2691 da
752 2621 854 2689 radice
868 2619 1028 2706 ascendet,
1049 2623 1086 2692 U
1103 2619 1268 2715 requiescet

202 2718 299 2814 fiaper
320 2740 390 2787 aum
408 2720 552 2811 Spiritus
574 2726 662 2804 llei,¹
676 2720 812 2815 spiritus
826 2718 994 2812 hrpientiae
1010 2715 1050 2791 (5
1068 2716 1268 2804 inuidiae,
1317 2794 1320 2799 ,

208 2819 346 2912 [peritus
364 2816 481 2911 consilii
495 2816 534 2893 (5
540 2815 778 2909 fortitudinis,
797 2817 935 2910 spiritus
947 2802 1093 2904 scientia
1113 2816 1151 2890 ὅ
1165 2819 1270 2910 pieta·

213 2922 275 2999 ais,
299 2912 339 2993 Θ
354 2917 482 3010 replebit
498 2942 565 2988 eum
572 2918 712 3012 spiritur
729 2920 853 2988 timoris
873 2919 949 2987 uei.
999 2913 1164 3011 Indigent
1179 2933 1269 3009 ergo
1344 2991 1348 2998 ,

211 3016 315 3109 virga
334 3014 526 3108 pascente,
552 3030 737 3107 quotquot
757 3035 802 3088 ex
819 3016 886 3105 iis,
902 3048 904 3053 ·
920 3015 980 3105 qui
999 3013 1179 3087 adDeurn
1205 3032 1271 3107 per.

212 3112 389 3187 Christum
407 3117 608 3207 accedunt,
642 3114 818 3209 pecudum
840 3134 943 3187 more
960 3113 1105 3189 vivunt.
1156 3111 1271 3186 Cata·

211 3233 293 3286 rum
309 3214 532 3288 consrderare
548 3214 729 3308 opus-est,
748 3214 936 3306 quomodo
958 3226 1082 3306 pater,
1098 3214 1157 3305 qui
1170 3212 1273 3287 dedit·

210 3309 290 3386 filio
306 3325 431 3413 gentas
445 3315 483 3386 in
498 3316 756 3408 hereditatem,
783 3312 869 3386 &in
887 3311 1132 3406 poffeffionem
1150 3315 1273 3387 terni-

211 3432 285 3486 noe
306 3423 433 3505 terrae,
460 3414 491 3485 ei
509 3415 621 3489 dicat:
653 3412 821 3509 Tanquam
841 3439 901 3484 vas
920 3415 1008 3506 figuli
1023 3413 1198 3503 confringas
1210 3438 1274 3492 aar.

196 3511 307 3608 Quis
328 3513 421 3585 enim
440 3511 501 3585 dat
522 3513 779 3606 hereditatem,
804 3526 846 3586 ut
871 3526 1081 3586 conteratur
1107 3513 1151 3585 ab
1169 3513 1277 3587 hereo·

212 3608 286 3685 de?
314 3598 582 3685 Ostendendum
596 3611 771 3708 igiturest
788 3611 1014 3704 ascripturie,
1038 3612 1275 3701 quorumdam·

214 3711 475 3784 contritionem
493 3713 581 3806 poni
600 3726 768 3803 tanquam
781 3712 918 3786 utilem.
949 3711 1158 3784 Invenimus
1171 3714 1273 3805 quip··

213 3831 263 3905 pe
282 3809 319 3880 in
335 3811 620 3907 quinquagesimo
636 3811 769 3905 psalmo
786 3811 891 3883 illud:
916 3813 1113 3902 Sacrificium
1134 3816 1197 3881 Deo
1207 3812 1275 3906 spi.

214 3911 563 3997 rirurconrribuiatus,
575 3937 639 3982 «cor
651 3915 825 3982 contritum
838 3908 876 3986 (Ἰ
888 3912 1094 3981 humiliarum
1113 3914 1274 3982 wasnau

214 4006 367 4106 despicies.
419 4009 469 4082 Et
484 4012 527 4083 ab
543 4011 612 4084 alio
630 4009 812 4103 Propheta
831 4009 1071 4103 precipiendo
1090 3994 1220 4082 dicitnr
1235 4012 1276 4083 il··

216 4111 299 4186 lud:
327 4113 397 4185 Pra
417 4117 609 4186 contritione
622 4115 763 4212 spiritus
779 4111 874 4210 uniri
892 4110 1070 4185 ululabitis.
1122 4108 1277 4202 Spiritus

621 4267 624 4273 .
1146 4227 1243 4309 ergo
