3075 4875
396 364 1096 496 stnncrn1ua.suo²mos;
1158 502 1160 506 ,
1200 441 1269 515 275

212 571 313 664 quod
329 589 459 666 nempe
475 573 541 649 smt
567 576 734 669 quidam,
761 575 911 668 quinon
925 577 1103 651 invocant
1119 580 1155 652 in
1175 581 1271 674 veri·
1309 655 1312 666 ,
1344 565 1349 580 “
1392 625 1395 640 2

210 679 314 746 tate:
341 678 422 747 Non
447 682 530 746 enim
549 682 605 773 qui
620 680 698 749 dicit
713 677 814 764 mibi,
844 682 1003 766 Domine,
1031 684 1189 767 Domine,
1216 686 1269 764 in·

211 773 313 846 trabit
328 777 365 844 iar
389 791 516 868 regnum
530 777 688 864 coelorum,
706 776 762 866 fed
775 781 833 874 qui
847 775 1147 868 suamvoluntatem
1159 787 1270 876 patris

209 877 292 959 mei,
317 878 375 969 qui
389 880 427 945 in
441 877 582 973 telisefl.
619 873 888 969 Nam-perfecte
905 878 1024 951 dicere
1041 877 1092 972 est
1112 884 1269 971 Domini,
1368 937 1372 946 ·

210 973 564 1068 quandooperaipsa
579 976 732 1053 clamant
747 975 936 1069 dedicunt,
955 978 1101 1066 Domine,
1119 983 1267 1058 Domine.

208 1072 308 1146 Hinc
326 1091 414 1168 ergo
428 1075 563 1168 liquet,
581 1097 683 1169 eum,
700 1074 760 1166 qui
774 1076 926 1150 invocat
937 1075 1152 1170 Dominum,
1170 1077 1268 1170 justi·

209 1172 297 1245 tiam
309 1171 442 1247 habere
457 1177 491 1248 u
508 1174 676 1266 justitiam
693 1194 827 1249 veram.
864 1173 955 1250 Cum
974 1192 1091 1252 autem
1109 1177 1267 1254 Christus

208 1271 252 1344 srt
262 1269 418 1364 iustitia,
440 1273 551 1365 iustus
567 1276 745 1370 particeps
760 1271 811 1348 est
820 1272 974 1369 justitie,
991 1276 1108 1371 idest,
1127 1275 1266 1355 Christi.

208 1370 270 1448 Ne
285 1392 378 1444 vero
394 1373 506 1446 illud:
535 1379 623 1446 Deus
639 1376 883 1473 justitiae‘mtae,
908 1373 1105 1468 superbiam
1127 1377 1266 1473 pariat„

208 1469 391 1564 pollumus
418 1472 492 1546 hoc
508 1474 650 1567 insuper
674 1476 751 1547 utic
784 1477 857 1566 Qui
875 1472 988 1566 salius
1005 1476 1044 1573 eli
1059 1477 1180 1549 ophira
1199 1484 1267 1550 Deo

200 1571 382 1667 sapientia,
407 1569 447 1648 da
462 1574 609 1668 justitia,
634 1573 675 1649 la
695 1575 859 1664 redemtio,
887 1573 1090 1670 &perinde
1106 1577 1197 1671 erit,
1222 1598 1266 1653 ac

207 1669 407 1744 fidiceres:
433 1671 534 1760 Deus
551 1672 702 1748 Domini
716 1673 799 1750 mei.
915 1719 917 1724 -

212 1785 214 1792 '
285 1774 326 1842 ln
344 1771 549 1844 tribulatione
564 1774 706 1872 dilatasti
722 1775 824 1860 mibi,
849 1772 1092 1872 misereremei,
1117 1772 1156 1851 U
1169 1801 1281 1848 mart·-

206 1871 240 1941 di
271 1875 445 1942 orationem
477 1897 593 1963 meam,
618 1872 702 1965 lis]
727 1873 884 1946 Videtur
915 1872 1048 1952 divina
1069 1873 1278 1970 scriptura„

204 1971 303 2042 nulla
326 1970 446 2043 habita
466 1973 642 2065 propositi
656 1973 800 2056 humani
818 1973 979 2064 ratione,
1004 1970 1184 2065 speciatim
1202 1978 1264 2048 tri·

205 2069 428 2143 bulationem
448 2092 584 2143 vocare
604 2072 667 2167 id,
701 2071 800 2163 quod
820 2069 938 2146 saneto
964 2072 1046 2145 viro
1077 2073 1263 2150 adversum

205 2169 351 2261 evenit,
363 2171 450 2242 licet
466 2171 508 2242 ad
525 2174 599 2263 ejus
615 2172 826 2246 exercitium
835 2169 1017 2243 inferatur.
1046 2172 1157 2271 Quod
1168 2175 1263 2248 enim

206 2268 383 2359 ejusmodi
404 2273 590 2362 peccatori
610 2273 767 2365 accidit,
794 2270 971 2365 flagellum
994 2287 1118 2346 vocat
1164 2271 1262 2347 Nam
1364 2305 1371 2322 ·

205 2370 334 2453 mulla,
358 2369 497 2465 inquit,
523 2372 746 2447 tribulationes
761 2370 940 2469 justorum,
974 2366 1045 2464 Et,
1077 2371 1179 2443 multa
1195 2371 1280 2470 jin-'-¹

202 2470 281 2564 gela
288 2475 466 2564 peccatoris.
517 2469 684 2565 Exempli
701 2470 824 2563 causa,
852 2492 928 2563 quae
944 2471 1205 2567 pertulitJobs
1228 2472 1263 2547 δι

204 2590 285 2660 quar
299 2565 411 2661 pallus
429 2567 480 2643 est
493 2569 625 2664 Joseph
639 2570 876 2667 in-AEgypto,
903 2571 1153 2645 tribulationes
1166 2573 1260 2645 dice·

202 2689 305 2755 mus3
331 2690 408 2760 quar
424 2682 701 2765 autempropter
718 2691 869 2743 uxorem
879 2668 977 2757 Uriae¹
993 2670 1026 2741 u
1040 2671 1166 2762 populi
1179 2692 1261 2743 cen.-

201 2768 277 2841 sum
297 2766 477 2862 perpellus
494 2769 545 2842 est
558 2770 702 2862 David,
728 2770 867 2865 flagella
884 2769 1146 2861 appellabimus.
1186 2769 1261 2842 Cae-

202 2881 322 2941 terum
336 2888 383 2940 ne
403 2868 485 2960 quid
501 2872 537 2941 in
557 2869 735 2963 scripturis
755 2890 824 2942 nos
842 2867 970 2960 lateat,
997 2866 1260 2943 observandum

204 2967 568 3058 est,.tribulationem
593 2966 999 3061 compeccatoribus,
1027 2964 1260 3062 &flagellum

202 3068 409 3141 hominibus
419 3070 489 3160 jam
502 3067 601 3161 iustis
612 3069 734 3142 tribui.
762 3065 875 3165 Quod
887 3066 978 3137 vero
994 3067 1163 3159 tentatio,
1182 3088 1258 3157 quae

202 3165 327 3239 sanetis
343 3168 430 3240 viris
448 3169 667 3241 certantibus
682 3166 889 3251 ,immittitur
900 3218 924 3256 ‚,
938 3164 1177 3239 tribulationis
1191 3170 1263 3239 no·'
1281 3236 1283 3240 .

200 3264 500 3360 mine'vocetur,
532 3290 578 3341 ex
601 3268 720 3355 multis
748 3279 876 3359 praeter
893 3287 953 3357 ea,
980 3264 1256 3359 quadrimus,
1393 3343 1395 3349 ,

201 3368 345 3459 verbis,
372 3380 413 3440 ut
428 3364 874 3453 credamussodducimur.
910 3363 999 3437 Non
1015 3366 1108 3437 enim
1128 3365 1257 3455 mirum

1312 1691 1327 1735 0

202 3465 272 3560 est,
299 3466 327 3539 st
350 3465 529 3562 flagellum
551 3466 798 3557 delinquentes
816 3462 910 3537 filios
937 3465 1115 3559 corripit,
1141 3480 1182 3536 ut
1208 3465 1257 3537 ait
1304 3546 1307 3551 ¹

201 3565 401 3640 Salomon:
432 3568 585 3660 Flagedar
605 3584 710 3639 autem
731 3589 849 3635 amarem
862 3566 999 3653 filium,
1024 3589 1113 3660 quem
1134 3569 1255 3660 recipit.
1333 3582 1335 3587 '

156 3751 160 3757 .
200 3662 250 3738 Et
272 3663 392 3751 rursus
417 3665 770 3740 animadvertendum
788 3663 865 3754 est,
900 3662 1037 3759 flagella
1061 3663 1151 3756 dici,
1179 3684 1275 3755 quaa¹
1374 3716 1376 3721 -

200 3763 383 3862 AEgyptiis
398 3782 549 3860 propter
563 3765 668 3857 Israel
685 3765 925 3859 contigerunt.
973 3762 1142 3837 Filiorum
1162 3764 1256 3837 enim

200 3865 390 3958 proprium
409 3864 482 3954 est,
509 3866 651 3960 flagello
677 3867 860 3957 vapulare.
913 3866 1035 3962 Quare
1058 3865 1096 3935 in
1122 3862 1254 3954 psalmo
1282 3950 1288 3963 N

202 3965 422 4062 odiogefimo
433 3965 571 4059 ¹odierno
589 3966 737 4039 dicitur:
760 3968 803 4032 'Si
813 3964 1038 4059 dereliquerint
1046 3965 1195 4057 flliiejus
1211 3963 1254 4053 le·

200 4090 261 4162 gem
272 4091 397 4163 mem,
410 4065 496 4151 &iar
506 4068 638 4165 judiciis
652 4070 728 4153 meis
741 4063 1253 4163 nonomiuinvrrint,ss-juflitios
1280 4142 1283 4151 Ι

658 4162 797 4239 ,32
1015 4172 1025 4185 ”
1122 4183 1206 4231 meos
