3075 4875
255 423 261 446 ⁸
356 397 634 566 rntnrt'nn
657 413 1118 542 moruncurten
1144 459 1173 538 1.
1249 485 1292 557 ις

230 624 373 699 tristata
386 624 437 699 est
453 623 577 718 Anna,
605 624 723 720 qnod,
751 646 831 698 curn
849 622 1205 722 acceperitrlsenenna
1220 627 1296 718 plu·

232 729 344 799 tinias
361 726 554 819 portiones
576 746 655 798 cunr
674 724 782 815 siliis,
806 724 878 817 ipsa
892 721 998 795 unani
1016 722 1124 795 solam
1147 734 1295 817 accepe-

234 828 283 899 rit
294 839 455 922 partem,
484 824 700 918 &quiahoc
718 826 847 900 dolore
860 822 1018 921 perculsa
1030 825 1201 917 templum
1218 826 1297 898 Do·

233 926 320 1001 mini
345 922 496 1032 ingressa
507 907 715 1029 defleverit,
743 925 952 998 &oraverit
965 943 1045 995 curn
1064 923 1223 1016 filontio,
1249 929 1304 1000 ita

233 1038 276 1099 nt
296 1041 375 1097 non
395 1023 575 1101 audiretur
598 1045 672 1098 vox
690 1026 793 1117 ejus:
821 1024 854 1096 δι
874 1024 954 1116 quia
969 1027 1098 1117 putans
1122 1045 1198 1098 earn
1214 1026 1300 1100 Heli

234 1123 403 1200 sacerdos
423 1121 492 1198 esse
514 1124 675 1215 ebriam,
708 1124 951 1215 increpaverit
973 1143 1079 1213 earn,
1113 1122 1184 1215 ipsa
1204 1146 1297 1198 vero

235 1245 318 1298 curn
329 1224 531 1298 humilitate
545 1222 764 1316 respondens
778 1223 988 1299 satisfecerit
1000 1219 1197 1315 sacerdoti,
1218 1246 1298 1300 ora·

236 1326 335 1397 verit
362 1336 480 1396 autem
509 1322 552 1395 ad
583 1323 806 1417 Dominum,
843 1340 885 1396 ut
917 1325 1128 1418 conciperet
1158 1322 1297 1419 sisium,

234 1420 508 1520 promittens·se
531 1421 614 1495 Deo
637 1423 945 1513 consecraturum,
973 1421 1224 1514 quodcumque
1240 1448 1298 1519 ge·
1363 1421 1395 1524 ⁷,

235 1520 376 1598 unisset.
427 1519 574 1598 Etcum
595 1545 641 1599 ex
659 1524 928 1618 repromissione
947 1518 1058 1597 filium
1076 1520 1298 1619 suscepisset,

234 1623 424 1712 refertur,
458 1623 557 1715 quod
575 1645 594 1693 a
612 1622 701 1699 laste
718 1620 901 1717 depulsum
920 1621 1094 1693 obtulerit
1115 1643 1196 1698 eum
1221 1626 1299 1697 Do·

236 1725 349 1799 mino.
402 1719 493 1795 Non
508 1722 601 1794 enirn
614 1737 759 1818 poterat
775 1721 907 1798 offerre
920 1720 1081 1798 Domino
1093 1723 1188 1814 prius
1202 1706 1298 1817 enni,
1346 1810 1351 1818 x

239 1842 344 1913 quam
361 1842 381 1892 a
397 1819 486 1893 rane
505 1821 711 1913 depelleret.
764 1821 888 1895 Offert
906 1841 994 1915 ergo
1012 1841 1093 1894 enrn
1113 1822 1150 1895 in
1166 1826 1301 1917 oratio·
1381 1856 1395 1904 ,-

195 2001 196 2005 ,
240 1944 286 1997 ne
302 1919 451 2013 quadarn
467 1922 689 2013 propheticis
712 1918 869 1996 distincta
883 1918 1068 2010 mysteriis.
1100 1920 1303 2001 abbrevia,

242 2021 378 2112 vimus,
406 2032 578 2112 quantum
598 2023 802 2112 potuimus,
828 2019 1275 2110 continentiamletiionis,

314 2142 347 2213 3.
373 2120 570 2199 Videamus
581 2142 698 2214 nunc,
721 2119 805 2214 quid
819 2119 1107 2213 etiamperhaec,
1128 2141 1204 2212 quae
1218 2143 1303 2216 pro·

238 2217 442 2320 posuimus,
469 2219 658 2298 indicetur.
708 2220 872 2297 Fortaffis
891 2222 984 2293 eninr
1002 2218 1099 2292 dicet
1117 2223 1224 2294 nobis
1242 2223 1302 2294 aii·

242 2322 317 2411 qtr'rr
330 2319 374 2392 ad
393 2319 607 2400 audientiam
621 2319 707 2412 legis
720 2320 849 2394 nostrae
865 2340 980 2412 nuper
994 2319 1185 2398 accedens:
1202 2322 1303 2398 Chri·
1325 2376 1327 2380 .

233 2418 348 2494 'stiana
371 2418 499 2513 religio
520 2418 725 2511 pudicitiam
744 2415 959 2512 profitetur,
986 2419 1022 2490 in
1049 2433 1210 2515 tantum,
1236 2437 1308 2516 nt,

243 2520 266 2592 st
291 2516 371 2591 fieri
390 2516 538 2611 potest,
570 2540 639 2619 nec
661 2521 909 2617 contingamus
933 2516 1301 2603 omnino'rnulierem,

243 2614 300 2694 Sic
320 2617 416 2694 enirn
441 2618 528 2691 dicit
544 2615 771 2710 Apostolus:
806 2623 929 2693 Bonum
946 2617 986 2712 eps
1006 2623 1129 2686 homini
1145 2646 1208 2698 non
1227 2640 1306 2693 tan·
1386 2616 1395 2634 ”

229 2744 307 2815 ,χιιι
324 2720 496 2787 mulierem.
548 2717 615 2791 Iste
633 2732 749 2793 autem
764 2718 877 2810 justus
898 2735 981 2794 tuus
1005 2719 1216 2812 Helchana,
1243 2720 1305 2812 qui

244 2819 349 2892 nobis
368 2832 387 2888 a
411 2814 582 2908 scriptura
603 2819 823 2910 proponitur
843 2816 886 2890 ad
907 2819 1135 2912 exemplum,
1163 2819 1248 2894 duas
1267 2820 1307 2892 sr-

244 2918 316 2992 mul
331 2936 467 2991 uxores
480 2916 641 2992 habuisse
655 2916 882 2994 describitur:
911 2919 1096 3009 exquibus
1115 2920 1195 3008 illa,
1227 2941 1305 3009 quae

226 3054 230 3061 ·
243 3019 343 3110 prior
365 3019 600 3109 nominatur,
625 3018 831 3094 nonhabet
854 3013 987 3099 filium,
1012 3012 1049 3089 i'd
1067 3017 1143 3108 est,
1176 3016 1306 3107 Annag

243 3116 415 3190 senenna
440 3128 560 3203 autem
585 3115 618 3188 δι
643 3117 779 3193 multos
807 3116 939 3189 habere
964 3112 1059 3189 filios
1092 3117 1244 3209 dicitur,
1272 3118 1307 3195 δι

242 3218 373 3289 inuitas
399 3213 571 3307 accepisse
595 3218 797 3310 portiones.
859 3214 922 3295 lua
940 3229 1057 3290 autern
1077 3218 1176 3310 prior
1200 3239 1312 3301 unanr

223 3313 377 3405 solani,
405 3315 487 3405 quia
501 3313 573 3406 ipsa
585 3313 659 3392 sola
673 3315 744 3407 est,
771 3315 912 3408 accepit
932 3332 1097 3409 partem,
1125 3311 1221 3395 &de
1240 3318 1307 3390 ste·

244 3416 377 3487 risitate
397 3416 643 3507 conqueritur.
694 3414 951 3506 Nunquidnant,
970 3414 1088 3492 &nos
1104 3417 1309 3497 contristari

245 3515 439 3605 debemus,
464 3516 548 3604 *quia
570 3511 664 3589 filios
683 3535 760 3587 non
783 3517 982 3605 habemus,
1010 3515 1219 3612 &virgines
1242 3539 1309 3592 no.

246 3613 322 3688 strae
346 3611 548 3689 contristari
565 3614 724 3705 debent,
751 3615 849 3707 quod
864 3611 1026 3691 stnefiliis
1043 3616 1201 3693 vivunt?
1218 3617 1308 3702 Haec
1335 3672 1337 3676 .

246 3713 317 3786 dixi
338 3710 511 3786 assumens
535 3713 722 3806 personam
748 3734 905 3805 eorum,
941 3717 1001 3805 qui
1018 3715 1180 3796 nondum
1203 3718 1310 3809 pleno

248 3809 407 3886 instructi
428 3810 473 3884 de
493 3811 573 3895 his,
600 3833 677 3904 quae
699 3815 737 3888 in
756 3810 937 3905 scripturis
955 3816 1138 3888 veteribus
1158 3818 1312 3895 recitant

231 3926 336 4006 tnr,
368 3911 513 3987 rnoveri
534 3910 768 4005 scrupulosius
791 3911 919 3989 solent.
970 3914 1160 4006 Deprecor
1190 3932 1310 3996 autern

225 4009 320 4106 'uos
343 4031 493 4104 ornnes,
519 4024 584 4103 nt,
612 4013 780 4102 qnoniam
798 4009 931 4089 sensum
954 4027 1025 4088 tarn
1044 4012 1235 4094 difficilium
1251 4008 1310 4093 re·
1370 4073 1373 4087 .

248 4132 328 4190 turn
346 4130 520 4186 conamur
536 4115 695 4209 aperire,
723 4111 756 4190 δι
779 4134 844 4210 ea,
877 4133 954 4211 que
973 4115 1149 4196 velamine
1166 4113 1318 4297 obtectu

275 4254 278 4258 ·
1067 4290 1069 4295 .
1187 4229 1291 4313 unt,
