3075 4875
237 392 241 400 ’
365 413 652 498 sennenn
676 411 1093 503 rnrsrnnuos.¹
1130 365 1254 520 '³⁴21
1310 474 1312 478 ,

156 622 166 632 ·
190 596 319 685 perne
343 578 477 684 judicia
491 579 638 676 ¹autem,
664 582 763 675 quod
781 580 979 672 ostendat,
996 580 1124 674 qubus
1144 580 1253 658 bonit

190 681 419 784 perfruetur,
452 684 511 776 qui
538 705 615 757 eam
639 682 820 775 custodit,
851 684 1055 775 quibusque
1074 679 1252 777 suppliciis
1343 690 1345 693 ’

189 785 387 883 pledetur,
412 783 757 879 quinemgredirur.
808 781 887 857 Lex
901 782 1008 879 igitur
1024 779 1254 863 Domini-in·

188 888 367 965 maculata
385 884 547 977 cum-sit,
573 884 762 957 convertit
781 883 968 956 hominurn
983 881 1127 958 animas.
1338 968 1340 972 ¹

269 980 452 1082 Ejusdem]
489 986 602 1057 Timor
625 988 760 1055 Domini
777 983 875 1081 cnflus
898 1002 1088 1080 permanens
1101 988 1145 1054 ¹in
1160 984 1254 1073 sacis·

188 1086 260 1160 iun
276 1079 586 1177 seculis-Cestius
605 1081 657 1157 est
674 1080 921 1161 abstinentiae
942 1081 1126 1176 peccatis,
1152 1083 1186 1158 dt
1209 1086 1254 1160 ti·
1303 1123 1305 1128 ·
1331 1145 1336 1152 .

187 1203 273 1264 mor
294 1184 410 1259 castus
427 1184 580 1275 quippe,
606 1180 666 1276 qui
685 1181 802 1258 castor
814 1180 922 1256 facit:
946 1203 1027 1256 nam
1042 1180 1191 1257 Domini
1208 1184 1253 1259 ti·
1319 1200 1321 1210 ·

189 1304 296 1360 more
311 1284 460 1375 quilibet
476 1306 497 1357 a
511 1284 607 1357 malo
629 1282 796 1358 declinat.
845 1279 1020 1362 AEternut
1036 1295 1255 1362 autemeam

190 1384 235 1459 srt
246 1383 377 1478 timor,
401 1396 557 1480 aternos
568 1403 714 1475 quoque
727 1379 839 1475 ipsum
848 1380 1021 1458 habentes
1036 1381 1157 1459 efficit.
1181 1384 1254 1459 Re·

190 1480 411 1557 verentia&
436 1480 518 1555 Dei·
529 1482 640 1556 timor
658 1483 842 1557 bonorum
859 1495 1075 1556 aeternorum
1098 1481 1254 1560 neuun

190 1580 298 1680 parit.
348 1573 487 1655 Merito
503 1596 624 1656 autem
636 1582 705 1655 Dei
723 1583 834 1655 timor
854 1579 968 1660 castus
981 1581 1050 1673 est,
1077 1582 1252 1658 humanus
1366 1663 1371 1679 ,

189 1681 287 1757 enirn
306 1679 513 1776 damnatur,
539 1680 789 1757 &timiditatis
804 1680 989 1755 vocabulo
1006 1681 1227 1762 nominatur.
1303 1765 1305 1770 .

205 1823 209 1828 ·
269 1781 401 1853 Etenim
419 1776 622 1876 semustum
643 1783 774 1880 cusiodit
794 1806 855 1869 aa,
881 1782 967 1872 Ue]
991 1777 1168 1858 siservue
1191 1803 1253 1857 cu·
1296 1842 1299 1848 ,

186 1878 325 1975 stodit,
352 1880 410 1973 qui
433 1902 510 1955 non
530 1880 705 1975 custodit,
731 1880 874 1956 nonest
895 1878 1032 1956 ser-vus.
1085 1879 1253 1958 Custodit

189 1994 312 2055 autem
328 1977 566 2055 desiderabilia
577 1979 672 2074 Dei,
699 1982 759 2075 qui
770 1981 858 2055 nihil
874 1979 970 2053 aliud
984 1978 1254 2077 defideratprae·

189 2090 249 2152 ter
263 2078 346 2173 ipsa.
372 2080 515 2154 ldcirco
530 2101 599 2175 pro
612 2080 905 2156 remuneratione
919 2080 1066 2154 obtinet
1083 2103 1146 2175 ee,
1173 2103 1253 2175 qun

185 2178 420 2256 desideravit,
468 2183 543 2281 Qui
559 2196 679 2255 autern
693 2202 757 2268 ea,
784 2201 862 2273 qua
882 2192 1007 2278 aperta
1027 2177 1129 2277 sunt,
1145 2180 1255 2258 'reste

186 2278 312 2376 -gessit,
336 2298 406 2373 pro
425 2281 581 2354 occultis
603 2281 829 2375 deprecatur.
943 2362 946 2367 ,
1094 2371 1097 2376 Ι
1165 2283 1167 2287 ’

267 2382 384 2452 Sinti
401 2404 470 2452 nen
484 2380 621 2476 fuerint
640 2382 813 2454 deninari.
842 2381 1157 2456 ruminantium
1180 2406 1254 2483 ero,

189 2475 278 2574 die]
303 2477 339 2552 Si
363 2481 468 2555 alieni
490 2501 568 2556 non
585 2478 720 2558 fuerint
738 2481 845 2556 nobis
863 2479 1056 2574 dominati,
1082 2495 1171 2557 tunc
1189 2484 1255 2559 irn-

188 2579 356 2654 maculati
375 2581 528 2676 erimus,
554 2585 750 2675 comptius
773 2585 863 2656 tales
879 2602 956 2656 non
973 2579 1133 2657 essemus.
1183 2583 1252 2658 un

185 2679 358 2756 maculati
374 2694 492 2763 autem
508 2683 639 2755 erimus
658 2682 692 2754 dc
711 2703 732 2754 a
750 2681 908 2755 maximo
931 2696 1086 2773 peccato
1105 2683 1251 2775 expiati.

189 2777 317 2868 Atque
328 2779 410 2869 ejus
425 2778 594 2871 quidem,
622 2781 682 2871 qui
697 2779 786 2853 nibil
805 2779 868 2851 nist
887 2777 1020 2852 castum
1034 2800 1082 2852 ex
1102 2798 1171 2854 ore
1185 2779 1250 2856 suo

190 2873 358 2971 profert,
378 2877 522 2969 eloquia
538 2889 667 2969 erunt,
687 2892 729 2950 ut
746 2877 1015 2968 complaceant,
1041 2879 1175 2975 quippe
1189 2876 1254 2972 qut

188 2993 270 3050 non
284 2973 421 3066 aperiat
436 2996 478 3049 os
494 2975 554 3049 nisr
572 2973 637 3048 soli
652 2977 773 3050 verbo
785 2975 869 3050 Dei.
919 2975 1036 3069 Huius
1049 2990 1168 3052 autem
1179 3001 1252 3063 me·

189 3073 321 3149 ditatio
342 3073 462 3147 cordis
479 3074 517 3149 in
543 3068 735 3170 conspectu
753 3074 824 3149 Dei
846 3072 898 3149 est
916 3071 1064 3168 semper.
1105 3076 1250 3154 Nullius

181 3185 331 3267 autem,
349 3173 409 3266 qui
421 3171 594 3250 remiserit
607 3174 879 3249 meditationem
889 3176 1009 3250 cordis
1025 3173 1096 3269 sui,
1117 3176 1250 3273 &pro-

189 3289 316 3371 pterea
347 3274 523 3368 perversis
563 3274 847 3371 cogitationibus
884 3273 1090 3367 inquinatus
1120 3275 1252 3374 fuerit,
1366 3272 1368 3279 ’

189 3369 313 3476 potest
326 3373 514 3450 meditatio
533 3374 654 3452 cordis
670 3376 710 3450 in
725 3370 919 3470 conspeetu
930 3374 1003 3450 Dei
1017 3364 1088 3451 elle
1101 3374 1251 3502 semper.

1052 3580 1254 3611 Μ

447 3688 990 3815 uenturus-xix.

259 3899 284 3948 x
305 3846 419 3951 audiat
433 3889 465 3947 te
487 3877 648 3949 Dominus
667 3877 705 3944 in
725 3873 776 3948 dic
791 3872 1036 3950 tribulationis:
1057 3872 1200 3976 perege
1219 3890 1253 3952 n
1305 3912 1307 3917 ·

284 4001 396 4050 nonen
420 3980 484 4048 Dei
503 3974 626 4073 Jacob:
650 3977 763 4046 mittat
787 3975 850 4046 tibi
875 3976 1033 4047 auxilinm
1059 3979 1097 4050 dc
1117 3973 1250 4065 santio,
1349 4018 1351 4023 ·

193 4075 382 4163 virdun
396 4092 530 4158 cuntur
544 4091 595 4169 te,
618 4070 708 4172 due]
733 4074 809 4176 Qui
823 4076 863 4152 in
877 4072 1253 4253 angustadmffivlt

203 4269 215 4275 ,,
721 4224 724 4230 ’
1186 4226 1205 4271 ἱ
