3075 4875
320 349 326 356 ’
414 339 1161 490 santernrnrsatnor..
1222 385 1295 514 ,η’

234 569 349 666 ipsum
373 581 493 644 tamen
517 567 659 668 affligit,
684 567 760 644 hde
784 551 879 644 enim
904 589 951 642 ex
975 571 1084 664 patria
1110 570 1148 644 in
1181 568 1296 654 lilium

235 687 362 766 amore
382 667 559 761 sequitur,
585 683 627 760 ut
645 665 718 765 ipse
733 671 890 764 peccatis
906 665 969 741 filli
988 665 1215 768 offendatur,
1241 676 1294 752 ita
1341 695 1346 710 ·

236 771 274 846 ἅ
287 768 445 862 nequitia
460 769 740 862 uniuscujusque
758 783 994 864 peccatorum
1018 771 1164 844 tribulat
1180 768 1294 851 filium
1365 789 1368 796 ’

234 867 319 944 Dei.
371 873 424 947 At
447 880 583 958 quanto
599 869 677 960 quis
700 870 863 961 pluribus
881 868 1051 960 operibus
1072 869 1177 944 bonit
1196 872 1294 948 dedi·

234 983 296 1041 tus
313 965 376 1056 est,
393 965 527 1040 &sanie
544 965 786 1065 dogmatibus,
803 983 846 1042 ut
857 965 1081 1064 prestantior
1097 989 1117 1042 a
1131 971 1292 1064 pluribus

234 1068 449 1161 tribulatur,
476 1070 596 1140 multis
615 1063 874 1166 insurgentibus
888 1067 925 1142 in
941 1087 1043 1160 euna,
1067 1069 1119 1148 ita
1132 1082 1175 1142 ut
1188 1075 1294 1148 multi

234 1164 353 1239 rursus
377 1166 522 1241 dicant:
553 1166 633 1242 Non
649 1168 690 1264 all
703 1171 792 1257 palus
808 1169 862 1266 igi
886 1175 923 1238 in
945 1173 1038 1254 Deo,
1065 1165 1293 1262 desperanter

235 1267 282 1340 de
299 1267 405 1338 rebus
421 1265 548 1358 ipsrur,
572 1266 596 1340 sr
621 1287 641 1340 a
663 1269 765 1340 nullo
786 1263 962 1360 ejmmodi
977 1265 1015 1340 in
1035 1261 1147 1342 salute
1168 1271 1294 1346 conse·
1361 1349 1365 1360 „

235 1364 378 1458 qtrenda
396 1366 552 1441 laedatur.
584 1365 763 1440 Permittit
783 1381 902 1464 autem
919 1365 1019 1440 oeus
1033 1365 1164 1458 justum
1179 1391 1199 1442 a
1215 1373 1295 1468 plu·

235 1467 334 1538 ribus
361 1462 489 1562 affligi,
513 1479 556 1538 ut
579 1466 612 1540 ei
630 1465 802 1562 ponderis
824 1464 969 1562 glorie,
995 1469 1294 1558 quae'ttibulatio-
1360 1487 1363 1493 ·

234 1575 322 1639 num
339 1564 580 1660 magnitudine
602 1580 851 1664 comparatur,
877 1561 1103 1640 occasionem
1121 1559 1303 1662 prebeat(
1392 1565 1395 1580 '

233 1663 350 1838 guod
381 1663 539 1756 srjustua
563 1664 743 1740 interdum
770 1685 903 1760 anceps
928 1683 971 1738 ac
1002 1665 1162 1740 henum
1196 1669 1294 1744 dicat
1356 1693 1358 1698 ’

273 1784 348 1852 eo,-
371 1766 460 1857 Qm‘l
479 1765 683 1859 multiplicari
695 1765 800 1854 sunt,
826 1770 883 1862 qus·
903 1763 1065 1836 rutulum
1082 1759 1151 1837 me?
1175 1767 1293 1852 minuc,
1349 1761 1351 1768 ’

235 1879 283 1937 eo
299 1865 475 1954 loquente
497 1862 605 1939 dicit:
631 1885 720 1939 ecee
736 1863 877 1956 adsum,
900 1876 943 1938 ut
960 1879 1213 1940 momentanea
1231 1869 1294 1941 tri·

234 1962 374 2037 bulatio
391 1963 595 2038 immensum
607 1966 731 2061 glorie
743 1964 885 2068 pondua
895 1963 1169 2059 tibi'comparet
1196 1969 1302 2139 Puni

233 2078 387 2158 propter
417 2068 525 2133 multe
557 2062 638 2137 sunt
669 2063 895 2142 rrrlularunrs
924 2063 1089 2162 justorum.
1139 2064 1177 2136 Si
1215 2067 1303 2144 alue'¹

232 2162 311 2256 est,
344 2181 422 2258 pon
449 2179 568 2237 autern
592 2167 630 2237 in
651 2162 760 2260 Deo,
785 2163 918 2238 merito
941 2161 1082 2236 additur
1106 2161 1219 2260 illud,
1254 2172 1302 2246 in·

234 2267 314 2337 Det.
738 2337 741 2342 ,
853 2273 855 2278 ’
1014 2311 1016 2324 ·
1352 2325 1357 2348 ,.

314 2356 368 2437 Tu
391 2378 523 2452 aurem,
547 2365 708 2457 Domine,
729 2361 883 2458 sujiepror
901 2385 987 2433 meus
1006 2385 1062 2451 er,
1083 2361 1185 2458 gloria
1206 2383 1294 2455 mea,

234 2462 275 2541 (⁸5
292 2466 440 2534 maltam
458 2482 553 2559 caput
568 2488 685 2551 meum,
712 2463 800 2554 Ue]
833 2461 869 2536 Si
890 2460 1012 2536 David
1028 2463 1087 2549 hic
1109 2460 1303 2558 loquitur,

235 2560 476 2637 consentanea
490 2562 542 2636 est
555 2585 631 2637 vox
646 2563 838 2658 Prophetae
851 2560 956 2654 lidei,
979 2562 1137 2635 -viriliter
1153 2574 1214 2636 tot
1232 2564 1294 2635 tri·
1379 2588 1381 2592 ·

235 2664 438 2737 bulationes
456 2662 690 2756 perferentis,
716 2666 752 2736 da
769 2661 803 2736 se
821 2682 898 2735 non
918 2658 1125 2736 dereliilum
1142 2662 1207 2755 iri,
1232 2661 1297 2735 sed

232 2777 367 2859 praeter
380 2764 567 2854 auxilium,
594 2764 693 2855 quod
711 2762 852 2857 sperat,
878 2764 985 2836 etiam
998 2762 1135 2857 ingenti
1153 2761 1190 2833 in
1206 2759 1302 2835 Deo¹

233 2865 350 2960 gloria
375 2860 583 2953 summoque
617 2863 762 2935 honore
786 2863 823 2935 in
852 2880 1003 2957 regnum
1025 2858 1226 2933 restitutum
1249 2860 1303 2933 iri·

234 2958 466 3037 confidentis.
493 2960 527 3033 Si
540 2973 657 3034 autem
674 2960 833 3035 Christus
850 2962 1030 3050 loquitur,
1052 2960 1129 3031 h'aec
1137 2959 1226 3031 dicit
1237 2974 1296 3032 ut·

232 3077 325 3157 pote
333 3062 393 3153 qui
406 3059 580 3151 confidat,
590 3058 625 3157 se
638 3062 804 3134 omnibus
815 3059 1057 3133 insidiatorum
1067 3058 1220 3131 consiliis
1228 3058 1302 3155 dis·

233 3163 352 3253 iipatis
367 3163 406 3233 in
427 3165 539 3234 vitam
556 3175 771 3234 revocatum
792 3162 853 3252 iri,
880 3156 1092 3251 suscipiente
1108 3158 1212 3230 'illurn
1233 3178 1295 3251 pa·
1390 3219 1395 3226 .

233 3275 314 3355 tre,
341 3260 437 3332 &in
465 3259 649 3353 pristinum
673 3261 796 3357 gloriae
815 3258 1040 3353 splendorem
1058 3256 1303 3353 restituente,

232 3376 342 3452 atque
376 3362 584 3451 exaltante,
618 3358 820 3435 ueletiam
852 3356 1140 3453 superexaltante
1171 3358 1303 3455 illum,-

233 3460 534 3554 quemadmodum
550 3460 599 3532 ait
617 3458 827 3553 Apostolus.
882 3464 1049 3553 Propterea
1065 3462 1154 3529 Delu
1170 3470 1303 3531 ocultu-¹

231 3579 288 3632 uu
304 3563 403 3645 illum,
419 3561 458 3635 (s
471 3566 606 3631 denovit
617 3561 664 3629 illr
678 3585 801 3647 nomeu,
819 3562 897 3656 quud
909 3559 1052 3656 estsuper
1062 3579 1153 3628 um
1166 3582 1292 3650 mmm,

233 3677 274 3734 art
288 3668 326 3731 in
341 3665 469 3731 nomine
492 3661 572 3757 Jesu
590 3684 679 3731 omne
697 3684 778 3754 genu
790 3657 962 3756 flefiatur,
988 3658 1170 3749 celestium,
1194 3674 1294 3732 ltm-

224 3762 363 3862 flrr'um,
389 3760 428 3836 (5
447 3761 668 3853 infernorum,
694 3761 734 3836 U
752 3767 855 3831 omnis
867 3761 974 3852 lingum
987 3760 1195 3850 confiteatur,
1218 3764 1299 3854 qnia
1342 3840 1344 3845 ,

236 3868 397 3935 Dominus
416 3862 514 3956 Jrsus
536 3860 680 3956 cbristus
697 3860 849 3953 ingloria
872 3861 910 3955 eli
933 3862 996 3929 Dei
1017 3863 1132 3954 patris.
1182 3854 1298 3932 Cerea

233 3982 314 4036 rum
332 3961 368 4033 in
384 3961 491 4033 variis
510 3959 674 4032 homines
692 3960 839 4055 gloriam
856 3954 955 4031 suam
964 3972 1126 4051 ponunt,
1152 3959 1241 4029 alius
1257 3958 1296 4033 in

233 4061 373 4161 patria,
394 4058 483 4134 aliur
498 4061 537 4134 in
551 4078 709 4158 genere,
735 4059 881 4134 aliutin
895 4056 1160 4155 pulcritudines
1186 4056 1303 4135 aliiin.

1112 4172 1244 4250 corpo·
