3075 4875
261 356 413 487 ἕο
515 472 532 514 Ι,
632 378 1040 484 utereturi
1337 489 1347 500 ,,

292 581 380 661 ergo
408 556 458 637 est
474 553 570 663 lilius.
584 543 728 662 gratie,
764 571 824 662 qul
843 564 927 641 Deo
949 578 1057 640 vacat
1075 557 1112 638 dt
1131 559 1249 637 verbo
1266 556 1353 639 Del.

197 709 200 716 f
231 715 233 719 »
290 662 358 737 Vis
378 679 495 736 autem
514 666 778 741 evidentiorem
798 664 863 741 tibi
885 657 1070 746 ostendam
1091 658 1353 759 &inEvarige

176 820 185 830 .
292 764 349 837 liis
363 764 564 854 hujusmodi
576 761 819 863 intelligentia
838 767 1009 858 formam',
1036 783 1113 856 quae
1125 766 1162 835 in
1179 764 1259 858 lege
1278 762 1354 854 qui·

268 871 271 890 '
294 863 376 936 dem
391 862 619 936 adumbratur
636 885 700 957 per
714 883 874 960 uxores,
900 868 937 939 in
952 864 1155 959 Evangeliis
1173 857 1266 934 uero
1280 863 1354 954 jam

293 961 442 1059 praesens
469 958 678 1038 describitur
702 985 766 1058 per
788 963 930 1040 sorores
948 964 966 1035 i
1002 961 1096 1037 Vide
1118 959 1300 1054 Mattham
1319 961 1354 1033 dt

169 1070 171 1075 '
232 1066 235 1085 '
289 1062 465 1153 Mariam,
490 1061 538 1134 'ex
558 1066 683 1155 quibus
701 1067 842 1158 quidem
862 1058 1006 1138 Martha
1028 1061 1290 1151 conturbatur,
1316 1059 1351 1131 dt

292 1159 425 1258 ‘satagit
442 1161 536 1234 circa
559 1163 710 1240 multum
738 1163 995 1256 ministerium,
1016 1163 1067 1235 ’δι
1090 1160 1214 1252 explet
1240 1158 1352 1252 opera

294 1262 563 1353 conversionis,
591 1263 703 1355 &per
713 1263 791 1339 haec
806 1264 909 1353 ¹velut
921 1257 1169 1341 converfionis
1186 1249 1282 1331 filios
1292 1277 1351 1353 ge·

292 1372 408 1434 neret.
465 1359 583 1432 Maria
605 1384 697 1436 vero
722 1362 822 1437 secut
847 1360 956 1457 pedes
973 1362 1088 1436 Verbi
1111 1358 1183 1435 Dei
1211 1358 1351 1429 intenta

295 1459 467 1551 optimam
484 1473 622 1552 partem
639 1456 778 1560 elegisse
796 1459 945 1555 dicitur,
973 1461 1005 1535 u
1021 1477 1085 1555 per
1098 1459 1175 1543 haet
1186 1455 1353 1551 intelligi·

255 1607 261 1617 ι
294 1571 355 1630 tur
371 1558 474 1630 velut
491 1561 610 1655 gratie
625 1565 782 1659 germina
798 1575 1001 1656 procreate.
1034 1555 1093 1633 Sic
1106 1554 1193 1654 ergo
1212 1554 1352 1628 &nunc

293 1664 402 1730 Anna
417 1670 567 1755 generat
578 1652 713 1736 filium(
753 1664 877 1761 Quem
895 1657 1035 1733 filium?
1061 1657 1278 1748 Samuelem,
1299 1656 1352 1727 in·

294 1760 402 1848 qrtit,
418 1758 477 1848 qui
491 1756 576 1831 Deo
594 1759 729 1855 ailistit,
756 1756 802 1834 de
816 1776 888 1853 quo
899 1762 936 1833 in
955 1753 1093 1832 Psalmis
1105 1756 1253 1830 dicitur:
1277 1759 1353 1825 Mo·

245 1907 247 1912 .
287 1865 338 1949 Jts
355 1855 394 1932 (ὅ
404 1862 520 1929 Aaron
542 1864 579 1929 in
595 1858 807 1950 sacermihus
827 1864 913 1957 ejus,
939 1859 978 1938 U
995 1859 1124 1932 Samni!
1143 1862 1181 1926 in
1194 1855 1269 1946 ms,
1295 1857 1351 1952 qui

293 1962 450 2029 invocant
468 1978 580 2057 reomau
596 1964 677 2059 ejus.
720 1959 805 2035 ¹sed
823 1956 1047 2129 &detemias
1067 1950 1179 2031 dicit}
1207 1958 1247 2024 Si
1260 1953 1352 2049 flete·

293 2064 368 2127 rint
384 2057 489 2146 Moses
503 2059 542 2133 dl
559 2057 687 2132 Samuel
700 2066 738 2132 iu
754 2055 861 2154 conspe
893 2085 915 2131 u
932 2081 1017 2137 meu,
1041 2077 1107 2130 mom
1122 2058 1283 2126 dimittam
1295 2064 1350 2126 eis.

292 2155 329 2229 Si
343 2173 430 2253 ergo
450 2168 570 2230 tantus
591 2157 719 2232 &talis
734 2153 889 2243 estfiliut
906 2155 1043 2255 gratie,
1070 2156 1103 2229 u
1122 2169 1190 2227 nos
1209 2149 1351 2227 festine·

286 2259 370 2330 ‘mus
390 2256 532 2346 quidem
545 2256 587 2331 ad
604 2254 719 2334 Annae
734 2258 899 2351 nuptias,
920 2256 983 2342 sed
999 2256 1177 2350 patienter
1190 2268 1349 2347 agamus,

293 2367 335 2427 ut
350 2355 445 2446 prius
464 2356 569 2428 nobis
586 2346 650 2430 filii
665 2358 710 2432 de
723 2355 962 2449 conversione
979 2350 1184 2447 nascantur,
1202 2345 1299 2447 prius
1311 2351 1352 2424 in

293 2456 401 2528 bonis
413 2457 582 2547 operibus
599 2457 816 2551 placeamus,
826 2470 914 2530 tunc
930 2455 1058 2532 deinde
1072 2455 1158 2527 &de
1173 2453 1299 2549 gratie,
1315 2450 1350 2546 dc

293 2555 395 2628 dono
417 2553 556 2647 spiritus
571 2552 682 2637 filium
698 2574 942 2652 procreemus.
992 2552 1042 2628 Et
1060 2555 1198 2647 qualem
1210 2547 1350 2624 fillum?

293 2653 419 2750 Qualis
440 2653 498 2725 hic
513 2651 606 2728 filius
624 2654 693 2742 est,
713 2652 874 2749 Samuel,
899 2656 1035 2748 inquit,
1062 2655 1121 2746 qui
1137 2656 1348 2743 interpreta·

293 2750 418 2827 turibi
440 2747 512 2847 ipse
527 2748 639 2833 Deus.
690 2754 831 2850 Vides,
852 2751 977 2847 -quales
995 2747 1089 2827 filios
1109 2758 1260 2848 generat
1274 2768 1349 2845 gra·

235 2904 240 2912 ·
283 2851 374 2954 tia?
399 2851 457 2925 Sic
481 2848 575 2929 enim
599 2850 766 2949 scriptum
789 2851 840 2928 est
858 2856 903 2928 de
920 2853 998 2946 his,
1031 2850 1091 2945 qui
1113 2851 1252 2946 spiritus
1271 2864 1348 2945 gra·

292 2956 379 3027 tiam
393 2951 576 3026 consecuti
594 2953 692 3044 sunt,
718 2952 860 3029 dicente
878 2953 1084 3047 Apostolo:
1111 2958 1151 3022 Si
1170 2969 1245 3023 nero
1273 2952 1349 3021 Pm-

195 3078 196 3083 ’
289 3056 389 3153 pheta
406 3059 531 3153 intret,
556 3072 615 3126 aut
635 3059 821 3154 imperitus,
846 3068 904 3126 aut
921 3058 1019 3125 idiota
1036 3057 1276 3125 inconventum
1294 3067 1349 3119 vt·

286 3157 408 3252 strum,
434 3156 623 3246 discernitur
642 3155 682 3226 ab
698 3143 858 3243 omn'ibus,
884 3154 1002 3225 occulto
1022 3172 1140 3249 quoque
1160 3154 1262 3222 cordis
1280 3147 1348 3248 ejus

233 3325 234 3328 ,
291 3253 459 3351 manifeste
466 3254 578 3343 fient}
605 3254 644 3331 ss
662 3271 739 3335 tuuc
753 3256 866 3325 cadem
880 3258 917 3322 iu
926 3253 1044 3346 fatiem
1058 3251 1202 3323 adorabit
1221 3254 1347 3336 Deum,

290 3354 413 3445 dicans,
439 3346 912 3525 quievertDeurinuobisless.
949 3345 1034 3425 Hoc
1049 3346 1219 3445 estergo,
1246 3339 1346 3442 quod

288 3453 545 3546 interpretatur
559 3450 723 3550 Samuel,
749 3452 799 3526 ibi
821 3456 893 3546 ipe
917 3450 1029 3530 Deus.
1078 3444 1153 3522 Ubi
1170 3451 1265 3525 enim
1283 3442 1348 3544 spi·

288 3552 378 3626 ritus
397 3554 535 3648 gratiae,
560 3548 610 3626 ibi
626 3549 697 3648 ipse
713 3544 782 3626 else
805 3550 934 3625 dicitur
946 3551 1059 3627 Deus.
1110 3548 1180 3621 sed
1198 3548 1262 3623 iste
1279 3566 1346 3621 nu·

288 3653 434 3728 bistalis
451 3644 544 3725 filius
559 3668 635 3726 non
648 3652 767 3750 potest
780 3651 894 3745 nasci,
920 3648 982 3724 nisi
999 3640 1235 3743 praecesserint
1244 3645 1344 3742 priua

289 3749 355 3841 filii
370 3746 576 3850 Fenennae,
601 3749 664 3826 nisi
684 3753 777 3827 enim
794 3749 996 3845 precedant
1012 3762 1123 3842 opera
1137 3749 1344 3822 converfio·
1383 3814 1386 3819 .

288 3849 370 3946 nis,
396 3869 472 3941 non
493 3855 668 3927 meremur
680 3852 826 3950 gratiam
844 3851 1004 3946 spiritus,
1031 3868 1099 3926 nec
1115 3847 1248 3944 etipsa
1264 3837 1347 3946 pos·
1368 3866 1370 3869 ·

287 3952 403 4032 sumus
424 3949 559 4032 donum
579 3946 718 4047 spiritus
735 3966 916 4051 generare.

1090 4166 1093 4171 ’
1183 4137 1295 4229 mvl.
